4088 5430
346 623 415 694 133
860 558 1163 683 3331313311
1532 605 1683 704 [secun

346 811 456 886 nostri
481 809 612 883 dedisse
639 805 837 882 concessisse
854 833 896 880 33
913 831 977 901 per
993 804 1176 900 presentes
1201 805 1420 880 confirmasse
1438 806 1590 879 discreto
1608 811 1684 879 viro

347 928 492 997 domino
509 925 665 995 Johanni
692 924 737 993 de
763 921 1035 1016 Kynnynmond
1060 933 1235 1013 perpetuo
1261 920 1446 1014 capellano
1470 922 1515 991 de
1533 921 1684 992 Galobol

348 1040 505 1130 quinque
535 1057 672 1106 3131333
698 1031 948 1128 sterlingorum
979 1033 1024 1102 de
1053 1033 1165 1102 firmis
1195 1030 1324 1103 nostris
1354 1035 1458 1104 vuius
1486 1032 1598 1103 rethis
1622 1031 1684 1103 133

349 1150 394 1220 de
411 1150 482 1220 illis
500 1149 615 1220 tribus
631 1148 794 1218 rethibus
812 1143 940 1218 nostris
957 1167 1049 1235 aque
1067 1145 1112 1215 de
1130 1143 1214 1214 Don
1239 1145 1460 1238 recipiendas
1477 1168 1541 1237 per
1557 1168 1685 1215 313333

349 1261 541 1354 (1331313111
569 1256 677 1330 nostri
703 1260 763 1351 qni
795 1281 858 1351 pro
884 1267 1047 1348 tempore
1070 1256 1258 1327 133111131
1285 1259 1329 1327 de
1355 1257 1460 1327 cofris
1486 1253 1612 1327 nostris
1640 1259 1684 1328 od

348 1375 521 1445 terminos
538 1369 677 1442 1133133
694 1370 864 1440 videlicet
889 1369 935 1440 ed
961 1364 1051 1439 festo
1068 1366 1325 1439 Penthecostes
1343 1378 1380 1440 et
1398 1367 1508 1440 sandti
1533 1369 1685 1440 Martini

348 1485 385 1554 13
411 1507 515 1578 yeme
540 1507 604 1576 per
629 1481 773 1575 equales
799 1482 983 1574 portiones
1001 1480 1044 1550 od
1063 1482 1249 1551 canoniam
1276 1477 1432 1551 nostram
1450 1482 1494 1551 de
1511 1481 1682 1552 Aberdon

348 1592 423 1667 fine
441 1596 598 1668 ulteriori
616 1593 797 1665 1131311333
815 1594 897 1663 (1313
915 1591 972 1662 131
999 1592 1124 1663 fraude
1140 1589 1201 1662 133
1219 1595 1448 1664 13333311333
1465 1603 1528 1664 331
1546 1603 1686 1664 333113-

349 1708 503 1779 11111333
520 1703 717 1778 nostrorum
733 1705 790 1775 vel
804 1700 1038 1775 successorum
1055 1701 1255 1775 nostrorum
1270 1717 1333 1776 331
1350 1705 1501 1776 31131313
1519 1729 1686 1798 quorum·

349 1843 490 1911 cunque
523 1821 669 1891 nomine
703 1814 823 1888 nostro
854 1816 911 1887 vel
942 1841 988 1887 ex
1018 1826 1126 1909 parte,
1148 1814 1267 1889 nostra
1301 1820 1428 1909 quouis
1460 1819 1567 1888 modo
1600 1820 1685 1889 inde

349 1933 521 2004 faciendis
537 1955 601 2025 pro
619 1926 765 2003 consilio
782 1926 858 2023 [et]
875 1929 1008 1999 auxilio
1023 1926 1084 1999 suo
1102 1930 1205 2000 nobis
1222 1928 1380 2022 impenso
1394 1940 1433 2000 et
1446 1932 1686 2022 impendendo

349 2045 462 2115 donec
487 2045 584 2115 idem
609 2043 774 2113 dominus
791 2041 976 2112 Johannes
1001 2065 1066 2134 per
1082 2065 1147 2112 nos
1165 2042 1222 2113 131
1241 2042 1437 2135 capitulum
1464 2042 1622 2114 nostrum
1648 2047 1685 2114 in

348 2157 562 2228 beneficium
589 2166 735 2226 centum
761 2152 953 2224 solidorum
979 2153 1092 2224 libere
1117 2155 1314 2226 ratificotus
1337 2154 1446 2225 fuerit
1464 2164 1501 2226 et
1521 2153 1686 2248 possessus

348 2270 506 2362 preditta
531 2268 731 2361 capellania
745 2264 808 2338 133
826 2267 871 2336 de
889 2265 1042 2337 Gslchol
1060 2267 1104 2336 ab
1124 2264 1197 2359 ipso
1220 2290 1293 2336 non
1319 2277 1457 2337 1313313
1475 2307 1483 2324 ·
1503 2278 1540 2338 et
1558 2265 1584 2338 11
1602 2292 1687 2339 333-

349 2383 467 2474 tingat
493 2381 628 2450 dittunr
652 2380 838 2449 dominum
855 2377 1059 2448 Johannem
1086 2378 1216 2448 deferri
1233 2379 1271 2447 in
1287 2373 1464 2448 solutione
1490 2379 1688 2472 capellanie

350 2490 411 2565 sue
429 2495 473 2564 de
490 2491 643 2565 Galchol
661 2490 780 2582 aliquo
798 2491 905 2559 modo
923 2488 980 2560 131
998 2486 1080 2560 3313
1097 2485 1176 2582 post
1194 2491 1365 2560 terminos
1383 2488 1570 2562 consuetos
1588 2492 1688 2563 1313-

350 2629 429 2677 3133
454 2605 683 2676 concedimus
701 2611 738 2673 et
756 2601 956 2694 obligamus
974 2626 1015 2672 33
1032 2604 1276 2693 promittimus
1301 2625 1366 2695 per
1390 2599 1570 2695 presentes
1591 2606 1686 2697 quod

350 2718 442 2788 infra
458 2716 695 2810 qnadraginta
720 2715 796 2784 dies
821 2709 899 2805 post
917 2713 1116 2805 quemlibet
1141 2717 1336 2785 terminum
1363 2712 1426 2785 srbi
1452 2718 1624 2788 faciemus
1641 2719 1687 2789 de

351 2830 453 2899 diuis
478 2828 615 2898 retibus
640 2822 767 2896 nostris
784 2847 848 2916 per
864 2847 992 2896 manus
1017 2827 1199 2919 camerarij
1218 2823 1328 2896 nostri
1348 2839 1386 2896 vt
1403 2831 1625 2920 premittitur
1642 2832 1687 2902 de

350 2937 518 3033 pensione
534 2936 597 3009 133
613 2935 770 3008 1311111311
789 2935 890 3006 33113
908 2961 972 3031 per
989 2961 1053 3008 nos
1071 2949 1134 3009 331
1152 2934 1361 3010 13333113133
1387 2938 1524 3010 nostros
1542 2942 1599 3012 131
1625 2967 1689 3035 per

351 3053 497 3125 3113311
517 3051 715 3143 predittum
742 3043 794 3118 est
818 3051 1049 3141 proponendo
1076 3047 1265 3122 obstante·
1285 3074 1391 3142 quarn
1410 3053 1554 3142 quidem
1581 3055 1690 3126 dono-

351 3168 488 3236 tionem
518 3157 775 3234 concessionem
805 3169 842 3230 et
870 3158 1083 3232 solutionem
1111 3187 1153 3234 33
1183 3165 1304 3233 313313
1330 3162 1400 3233 3113
1425 3173 1463 3235 31
1489 3161 1627 3259 singulo
1649 3178 1689 3237 11

351 3277 574 3370 premittitur
607 3294 672 3343 nos
706 3281 744 3342 et
775 3268 985 3343 successores
1018 3271 1128 3344 nostri
1163 3275 1322 3367 preditto
1356 3275 1502 3346 domino
1531 3277 1689 3350 Johunni

351 3388 588 3460 warandizare
625 3384 870 3476 promittimus
905 3391 943 3453 31
977 3395 1102 3455 333113
1136 3408 1261 3456 331333
1295 3386 1464 3458 mortales
1498 3390 1689 3462 defendere

352 3501 550 3594 obligamus
566 3535 575 3552 ·
593 3496 638 3567 In
664 3496 766 3566 cuius
792 3495 843 3564 rei
871 3490 1116 3566 testimonium
1143 3492 1298 3590 sigillum
1327 3494 1486 3568 nostrum
1511 3524 1581 3572 1113
1605 3525 1687 3573 3331

351 3610 465 3708 sigillo
483 3610 665 3683 331331331
690 3606 840 3700 capituli
866 3604 975 3676 nostri
994 3618 1032 3678 et
1049 3604 1305 3702 subscriptione
1331 3612 1582 3682 canonicorum
1605 3611 1689 3684 sunt

352 3719 511 3818 oppositu
520 3722 612 3814 apud
624 3714 977 3791 canoniamnostram
990 3720 1212 3791 deAberdon
1225 3722 1363 3791 decimo
1373 3723 1549 3794 tertiodie
1558 3722 1689 3797 mensis

353 3834 478 3926 Mortij
497 3857 591 3905 3333
609 3829 757 3903 Domini
774 3825 961 3900 13111311133
979 3828 1230 3903 trecentesimo
1247 3829 1475 3928 nonogesimo
1493 3838 1600 3907 tertio
1619 3879 1626 3895 ·

351 4172 461 4244 Curta
476 4170 570 4263 regis
587 4167 737 4240 Roberti
755 4168 800 4238 de
817 4168 953 4240 1313313
972 4178 1148 4239 terrarum
1165 4169 1210 4238 de
1228 4167 1422 4262 Strabolgy
1440 4211 1447 4227 ·

352 4372 548 4468 Robertus
575 4390 642 4461 Dei
668 4393 784 4484 gratia
814 4414 878 4462 rex
906 4390 1113 4463 Scottorum
1141 4391 1306 4462 omnibus
1336 4394 1455 4484 probis
1485 4395 1688 4468 hominibus

349 4506 419 4580 suis
437 4506 480 4576 nd
499 4525 588 4596 quos
614 4499 796 4594 presentes
823 4501 927 4574 litere
953 4503 1184 4596 peruenerint
1206 4498 1359 4574 13131331
1378 4542 1386 4559 ·
1404 4504 1535 4578 Sciatis
1560 4530 1625 4579 nos
1649 4510 1686 4579 in
