4088 5430
349 624 451 718 m]
814 624 1221 700 Annnnonnnsn.

698 823 814 897 Aliud
832 834 1085 897 tenementum
1103 835 1143 897 vt
1160 825 1290 920 snpra·

351 934 529 1009 nffedntur
545 957 609 1028 pro
627 935 683 1028 ·vj·
702 937 732 1007 ἓ·
750 937 788 1006 in
806 959 901 1008 anno
918 946 956 1008 et
974 935 1037 1009 sex
1053 936 1197 1032 gallinis

809 1046 971 1121 Mariote
989 1047 1205 1122 Mnrscheell
1223 1089 1232 1106 ·

920 1270 1108 1345 Derahoue
1126 1312 1134 1329 ·

297 1390 299 1396 ’
353 1381 529 1458 affedatur
546 1406 610 1477 pro
628 1384 683 1476 ·vj·
702 1386 729 1456 fi·
748 1385 786 1455 in
802 1407 897 1455 anno
914 1394 953 1455 et
966 1383 1028 1455 sex
1044 1384 1187 1480 gallinis

862 1494 1029 1568 Donnldo
1047 1495 1168 1568 Grene
1187 1537 1195 1552 ·

626 1715 776 1790 Brasmn
790 1721 905 1791 maior
922 1761 930 1776 ·
947 1716 1125 1814 grefl'nme
1140 1721 1225 1814 niij·
1244 1720 1271 1790 ἔ·
1289 1721 1362 1813 diij·
1381 1717 1416 1790 d·

354 1829 531 1906 nffedntur
547 1853 630 1902 eum
645 1831 759 1902 crofta
775 1854 839 1925 pro
852 1833 936 1924 ·xiij·
951 1834 980 1904 ἔ·
994 1833 1065 1925 ·iiij·
1083 1829 1117 1903 d·
1135 1834 1181 1924 vj·
1200 1831 1396 1925 ceponibus
1409 1842 1448 1903 et
1459 1832 1530 1924 ·xij·
1547 1831 1691 1926 gallinis

823 1942 960 2016 Jacobo
978 1942 1194 2038 Hennyrson
1212 1983 1220 1998 ·

710 2166 867 2238 Annuus
883 2168 1047 2240 redditus
1060 2169 1105 2241 de
1117 2167 1305 2240 Derahous
1322 2211 1330 2227 ·

357 2281 534 2355 nffedatur
546 2302 610 2373 pro
626 2279 677 2371 iiij
696 2278 802 2350 bouis
818 2279 933 2351 farine
950 2288 989 2351 et
1006 2282 1030 2375 ij
1048 2283 1161 2375 petris
1178 2277 1270 2353 casei
1287 2322 1296 2338 ·

620 2400 623 2407 '
822 2389 960 2463 Thome
976 2391 1197 2488 Angousone
1214 2431 1222 2448 ·

793 2612 1048 2686 Molendinum
1066 2614 1224 2688 eiusdem
1241 2657 1250 2673 ·

359 2726 536 2802 affedatur
552 2751 616 2821 pro
629 2749 700 2798 vnn
715 2726 836 2800 celdrn
853 2727 1063 2800 vittunlinm
1080 2752 1144 2822 per
1157 2729 1317 2800 medinm
1333 2753 1402 2800 vno
1419 2753 1527 2823 porco
1544 2726 1642 2823 pasto
1656 2740 1694 2802 et

359 2843 408 2935 xij
427 2841 621 2934 eaponibus
639 2880 647 2897 ·

655 2950 844 3023 Willelmo
863 2949 1040 3025 Michaeli
1054 2975 1125 3025 vna
1145 2952 1321 3024 medietas
1338 2993 1346 3008 ·

655 3062 816 3137 Mariote
833 3063 918 3136 Clnt
936 3064 1044 3137 vidue
1060 3065 1175 3137 altera
1195 3064 1371 3137 medietas
1389 3105 1396 3121 ·

423 3285 646 3381 Knokespnk
663 3288 810 3360 inferior
828 3291 887 3382 ·iij·
905 3299 1024 3361 aratra
1038 3284 1216 3383 greffuma
1233 3313 1276 3358 ·v·
1295 3289 1357 3361 lin
1377 3290 1433 3382 ·vj·
1453 3290 1481 3360 ἔ·
1500 3291 1582 3382 ·viij·
1602 3287 1637 3361 d·

364 3398 541 3474 affedatur
558 3421 622 3492 pro
641 3400 724 3492 ·viij·
742 3400 805 3471 lin.
823 3402 861 3471 in
879 3424 975 3473 anno
992 3400 1109 3471 tribus
1126 3403 1264 3492 quartis
1276 3411 1392 3472 marte
1410 3402 1469 3493 ·iij'·
1489 3404 1697 3475 mutonibus

364 3514 473 3606 ·xviij·
492 3509 636 3607 gallinis
653 3512 712 3603 ·iij·
730 3511 836 3583 bollie
862 3534 1060 3584 auenmum
1077 3521 1116 3582 et
1140 3535 1183 3581 ·v·
1206 3515 1234 3584 ἔ·
1258 3536 1323 3606 pro
1347 3512 1524 3605 bondngio
1544 3536 1698 3587 vnacum

364 3624 521 3717 seruicijs
538 3621 652 3696 solitis
668 3632 706 3695 et
732 3622 912 3695 consuetis
930 3664 939 3680 ·

363 3735 576 3809 Alexandro
594 3732 728 3806 Morise
772 3736 834 3828 iiij·
853 3735 996 3806 bonate·
1060 3734 1247 3807 Willelmo
1265 3735 1409 3806 Brovne
1477 3790 1485 3805 .
1586 3739 1648 3832 iiij·
1663 3742 1698 3810 b·

364 3841 528 3942 Angusto
544 3844 689 3917 Brovne
781 3900 789 3916 .
890 3847 952 3939 iiij·
969 3845 1004 3914 n
1056 3846 1221 3942 Georgeo
1238 3846 1402 3918 mener
1476 3901 1484 3916 .
1585 3852 1645 3942 iiij·
1664 3853 1699 3922 n

365 3955 793 4030 JohenniRnbertsone.
882 3958 953 4049 viij·
971 3959 1005 4029 b

520 4178 748 4275 Tnlyanguse
764 4181 789 4274 ij
806 4190 925 4253 aratra
939 4176 1120 4275 greffuma
1136 4181 1196 4273 ·iij·
1215 4178 1277 4251 lin·
1295 4182 1350 4275 ·vj·
1367 4184 1396 4254 ἓ·
1416 4186 1500 4276 eiij·
1519 4182 1554 4256 d·

369 4288 546 4365 nffedntnr
558 4317 623 4387 pro
634 4315 676 4359 ·v·
688 4292 756 4364 tin
776 4294 832 4387 ·vj·
844 4294 873 4364 ἔ·
888 4294 972 4387 ·viij·
986 4289 1023 4363 d·
1036 4294 1075 4364 in
1089 4315 1186 4364 anno
1204 4292 1361 4366 dimedie
1375 4307 1494 4367 marta
1509 4297 1533 4390 ij
1547 4300 1705 4370 mutoni-

369 4406 437 4476 bus
448 4405 498 4498 xij
512 4405 708 4499 caponibns
724 4405 750 4498 ij
767 4403 874 4477 bollis
891 4427 1089 4478 auenamm
1107 4414 1146 4476 et
1171 4404 1230 4496 ·iij·
1250 4405 1278 4476 t·
1296 4405 1365 4498 ·iiij·
1383 4403 1419 4477 d·
1447 4429 1510 4500 pro
1528 4407 1705 4504 bondegio

369 4539 451 4591 enm
466 4513 621 4590 serviciis
637 4513 749 4589 solitis
768 4557 776 4573 ·

1009 4622 1030 4688 2
1048 4635 1071 4689 z
