4088 5430
474 625 544 692 teo
951 619 954 625 '
989 612 1296 688 REGISTRUM
1657 614 1818 711 [ancum

474 768 671 890 ottodecim
688 817 726 913 ly
742 817 863 911 pultre
879 839 944 910 pro
961 815 1148 911 bondagijs
1165 814 1324 908 quinque
1340 811 1470 886 solidos
1486 837 1550 909 pro
1570 809 1732 909 seruicijs
1750 815 1818 889 de-

474 931 560 1001 bitis
578 940 617 1001 et
641 928 820 1001 consuetis
845 929 975 1023 viginti
1000 925 1130 998 solidos
1154 949 1297 997 necnon
1319 936 1476 1019 quatuor
1500 925 1608 999 librae
1633 929 1815 1001 tredecim

472 1038 603 1113 solidos
620 1051 775 1134 quatuor
791 1042 955 1112 denarios
972 1040 1011 1110 in
1028 1040 1361 1134 augmentationem
1373 1038 1522 1111 tentalis
1539 1063 1681 1112 necnon
1695 1040 1819 1135 dupli·

473 1154 588 1225 cando
605 1151 739 1226 dictam
757 1150 932 1224 summam
950 1161 988 1222 et
1005 1150 1077 1223 alia
1093 1150 1240 1223 deuoria
1254 1152 1352 1245 prins
1377 1148 1580 1245 specificata
1604 1152 1642 1222 in
1658 1153 1816 1226 introitu

473 1261 663 1337 cuiussibet
685 1265 827 1337 heredis
844 1274 883 1336 et
908 1263 1073 1336 faciendo
1089 1273 1163 1336 tres
1180 1259 1292 1335 sedeas
1309 1264 1355 1334 ad
1371 1264 1443 1335 tria
1458 1262 1592 1357 placita
1615 1263 1788 1358 capitalia
1805 1305 1815 1324 ·

472 1399 614 1448 necnon
631 1377 784 1470 quilibet
800 1377 903 1448 heres
920 1369 1230 1447 Abirdonenfibua
1247 1373 1420 1469 episcopis
1435 1376 1681 1470 iuramentum
1698 1375 1818 1449 fideli·

473 1489 560 1560 tatis
584 1485 756 1582 prestabit
783 1496 821 1560 et
846 1489 943 1581 quod
959 1486 1079 1561 sedem
1096 1485 1333 1582 episcopalem
1357 1485 1644 1560 Abirdonensem
1669 1511 1817 1562 necnon

473 1598 713 1674 Christianam
736 1611 776 1672 et
802 1600 1041 1672 orthodoxam
1070 1600 1180 1672 fidem
1209 1598 1365 1671 fideliter
1394 1621 1458 1692 pro
1487 1594 1583 1692 polle
1613 1599 1818 1674 defendet·

474 1712 572 1785 Data
588 1715 683 1808 apud
700 1711 886 1786 Aberdein
904 1736 955 1784 xx
974 1712 1066 1805 Maij
1084 1733 1158 1785 an.
1176 1730 1369 1784 nnnxun.

472 2024 598 2123 Carta
623 2043 851 2121 alsedationie
876 2057 1053 2121 terrarum
1070 2044 1387 2122 ecclefiastiearum
1412 2070 1484 2140 que
1501 2058 1675 2120 vocantur
1700 2047 1820 2121 Kirk-

472 2172 592 2234 towne
618 2161 664 2232 de
690 2159 817 2255 Rayne
841 2185 924 2233 cum
949 2162 1007 2255 lye
1025 2159 1308 2233 Ailhouscrofta
1332 2159 1471 2231 Thoma
1496 2158 1672 2254 Myrtoun
1699 2162 1820 2234 archi·

473 2274 624 2346 diacono
638 2273 731 2345 fata
740 2272 765 2345 J
767 2275 900 2346 ohanni
914 2270 1042 2367 Lessye
1059 2282 1098 2346 et
1114 2274 1307 2346 heredibus
1319 2270 1390 2343 suis
1406 2269 1593 2344 masculis·
1610 2272 1818 2346 Reddendo

473 2389 549 2481 xxij
567 2408 705 2457 marcas
721 2407 876 2457 unacum
902 2385 1146 2479 duplicatione
1162 2386 1250 2456 didti
1275 2384 1374 2456 feudi
1391 2384 1429 2454 in
1446 2385 1600 2455 introitu
1622 2382 1820 2459 cuiussibet

473 2500 615 2569 heredis
632 2522 674 2570 ac
692 2496 906 2569 reseruando
932 2521 1040 2570 vnam
1061 2522 1179 2571 acram
1197 2509 1293 2569 terre
1311 2495 1465 2568 vicinam
1483 2492 1632 2568 ecclesie
1648 2519 1712 2590 pro
1740 2499 1820 2570 edi·

474 2611 642 2681 ficatione
660 2610 765 2680 vuius
783 2605 975 2681 mansionis
997 2633 1062 2703 pro
1080 2607 1280 2702 refidentije
1297 2605 1556 2680 Archidiaooni
1574 2649 1583 2665 ·
1602 2608 1700 2681 Data
1717 2613 1817 2704 apud

476 2721 676 2794 Aberdene
693 2721 741 2813 vij
758 2719 861 2814 Junij
881 2741 953 2794 an.
973 2741 1166 2793 nnxmn.

476 3034 710 3151 preceptum
727 3053 838 3131 sasme
855 3056 1015 3130 eiusdem
1032 3060 1158 3131 datum
1175 3058 1303 3130 eodem
1321 3059 1380 3130 die
1397 3095 1406 3112 ·

478 3369 604 3470 Carta
621 3394 876 3467 feudifirmaria
891 3406 1069 3466 terrarum
1086 3395 1132 3466 de
1148 3393 1306 3466 Tumeth
1332 3395 1467 3466 maiore
1483 3395 1705 3491 abepiscopo
1723 3399 1821 3473 latta

477 3509 634 3602 Georgia
652 3506 827 3578 Gordoun
845 3549 853 3564 ·
873 3503 1075 3579 Reddeudo
1092 3508 1176 3578 inde
1187 3508 1345 3600 antiquie
1362 3503 1638 3600 prestationibus
1655 3532 1821 3583 commu·

476 3623 563 3694 tatis
581 3622 617 3690 in
635 3621 827 3712 pecuniam
855 3617 1030 3692 summam
1058 3620 1319 3691 extendentem
1336 3621 1374 3690 in
1392 3629 1472 3690 toto
1495 3620 1541 3692 ad
1561 3622 1624 3714 xiij
1644 3620 1753 3695 librae
1778 3626 1819 3718 iij

477 3731 606 3803 solidos
623 3732 683 3824 viij
698 3731 864 3803 denarios
881 3754 1023 3803 necnon
1041 3731 1257 3824 duplicando
1271 3730 1404 3802 didtam
1416 3728 1594 3804 summam·
1609 3735 1646 3805 in
1665 3736 1820 3807 introitu

478 3841 667 3916 cuiussibet
685 3843 826 3915 heredis
843 3853 882 3916 et
899 3844 1064 3916 faciendo
1089 3853 1163 3915 tres
1188 3838 1299 3915 sectae
1324 3842 1369 3913 ad
1396 3842 1466 3913 tria
1490 3841 1624 3936 placita
1648 3845 1821 3939 capitalia

476 3956 635 4028 tenenda
661 3952 766 4049 super
791 3963 906 4028 terrae
933 3957 978 4028 de
1004 3952 1225 4049 Laochquhy
1250 3993 1259 4010 ·
1286 3954 1384 4026 Data
1409 3955 1505 4048 apud
1531 3954 1727 4030 Aberdene
1755 3961 1820 4054 viij

476 4068 564 4162 Julij
585 4088 656 4138 au.
675 4087 868 4139 u.n.xu111.

480 4381 776 4477 lnstmmentum
792 4399 1041 4499 resignationis
1054 4403 1213 4501 magistri
1226 4403 1426 4479 Alexandri
1445 4404 1623 4502 Gallouay
1640 4409 1788 4482 rectoris
1799 4435 1822 4482 a

478 4514 642 4611 Kynkell
660 4524 836 4588 terrarum
855 4514 997 4588 suarum
1023 4540 1094 4609 que
1116 4529 1292 4593 vocantur
1308 4514 1550 4613 Crinyssandie
1565 4520 1763 4593 iacentium
1781 4523 1821 4594 in
