4088 5430
297 614 382 710 xv.]
762 614 1163 689 ABERDONENSE.
1556 624 1627 690 285

296 816 411 887 ditate
427 817 695 908 imperpetuum
712 855 720 871 ·
735 855 743 871 ·
758 854 767 870 ·
781 826 820 885 et
835 812 862 884 fi
879 816 1066 908 continget
1082 838 1146 907 per
1162 811 1365 885 vestitatem
1383 815 1441 885 vel
1458 815 1545 886 alius
1564 857 1571 871 ·
1591 858 1598 873 ·
1618 859 1626 873 ·

294 928 390 1019 quod
409 928 524 997 ditius
547 950 688 999 annuus
710 926 871 998 redditus
889 965 897 982 ·
917 965 924 982 ·
944 965 952 981 ·
970 949 1043 996 non
1064 928 1198 1019 poterit
1215 926 1261 997 de
1278 927 1380 996 dieis
1398 926 1521 997 croftis
1547 968 1555 983 ·
1582 969 1591 984 ·
1618 970 1625 984 ·

295 1038 408 1110 leucri
426 1078 434 1094 ·
453 1079 461 1094 ·
481 1078 489 1094 ·
508 1039 615 1109 volo·
635 1078 642 1095 ·
662 1078 670 1094 ·
689 1039 783 1131 quod
801 1039 916 1109 dictus
933 1060 1074 1108 annuus
1100 1039 1261 1108 redditus
1279 1037 1336 1107 vel
1361 1060 1442 1130 pers
1468 1035 1627 1111 eiusdem

296 1150 466 1221 deficiens
484 1189 492 1205 ·
511 1190 520 1206 ·
539 1189 547 1205 ·
566 1149 734 1221 leuetur·
754 1188 762 1204 ·
781 1189 790 1204 ·
809 1149 855 1219 de
879 1145 1147 1239 quibuscunque
1171 1147 1275 1239 elijs·
1301 1188 1309 1204 ·
1333 1189 1341 1205 ·
1363 1145 1628 1241 poffeffionibus

295 1262 386 1332 meis
407 1300 414 1317 ·
434 1300 442 1316 ·
461 1300 470 1316 ·
489 1262 691 1352 vbicunque
716 1261 852 1332 fuerint
877 1255 1008 1331 fituote
1025 1299 1033 1316 ·
1052 1300 1060 1316 ·
1080 1299 1087 1316 ·
1107 1258 1217 1352 Apud
1242 1261 1376 1330 dietum
1403 1262 1555 1355 burgum
1582 1263 1627 1333 de

295 1373 468 1444 Aberden
486 1374 573 1464 xxiij
589 1373 647 1442 die
664 1368 793 1442 mensis
812 1371 995 1464 Februarij
1014 1394 1108 1443 enno
1122 1370 1268 1440 Domini
1286 1391 1483 1442 mccccnx
1496 1412 1504 1428 ·
1516 1371 1629 1444 Testi-

296 1485 362 1555 bus
387 1485 655 1556 honorabilibus
673 1494 710 1555 et
727 1483 887 1555 discretis
905 1485 989 1553 viris
1006 1482 1030 1553 J
1032 1483 1173 1554 ohanne
1190 1481 1336 1553 Scrokis
1353 1483 1427 1553 filio
1454 1484 1628 1579 burgense

296 1598 341 1666 de
358 1596 531 1668 Aberden
550 1637 558 1653 ·
577 1597 730 1666 dominis
756 1595 934 1667 Nicholuo
956 1594 1133 1686 Prowdy·
1154 1592 1314 1664 Roberto
1331 1592 1466 1667 Howat
1484 1636 1492 1652 ·
1512 1596 1628 1668 Patri-

295 1710 350 1778 cio
368 1709 461 1803 Pyot
479 1748 487 1764 ·
505 1708 643 1778 Thomu
661 1707 802 1778 Fenton
821 1747 829 1763 ·
847 1707 871 1777 J
873 1709 1013 1778 ohanne
1031 1703 1149 1776 Vnuse
1164 1704 1357 1799 sergeando
1376 1745 1383 1762 ·

296 2042 353 2114 De
370 2067 489 2115 annuo
506 2043 650 2115 redditu
667 2053 842 2114 terrerum
861 2045 906 2113 de
922 2040 1083 2114 Coliston
1102 2083 1109 2097 ·

297 2244 501 2340 Villelmus
515 2266 617 2338 Rede
635 2268 801 2338 dominus
814 2267 859 2337 de
873 2264 1034 2338 Coiiston
1053 2307 1060 2322 ·
1081 2307 1088 2323 ·
1108 2306 1116 2322 ·
1136 2266 1265 2338 Sciatis
1282 2290 1341 2338 me
1358 2307 1365 2322 ·
1385 2307 1392 2322 ·
1412 2307 1420 2323 ·
1435 2264 1627 2339 vendidisse

295 2421 303 2435 ·
323 2421 330 2436 ·
350 2421 359 2436 ·
376 2377 543 2474 magistro
566 2378 739 2450 Dunceno
764 2378 952 2472 Lychtonc
977 2377 1189 2449 cancellario
1215 2377 1260 2449 de
1277 2378 1448 2449 Aberden
1467 2420 1474 2435 ·
1494 2420 1502 2435 ·
1521 2419 1529 2435 ·
1548 2381 1627 2450 red-

295 2493 410 2562 ditum
427 2492 466 2562 xl
484 2490 676 2562 solidorum
694 2531 701 2547 ·
721 2531 728 2547 ·
748 2531 756 2546 ·
775 2501 971 2561 exeuntem
989 2491 1175 2560 ennuntim
1189 2490 1234 2559 de
1251 2492 1354 2560 terris
1370 2493 1460 2561 meis
1473 2491 1518 2562 de
1531 2490 1627 2562 Coli-

294 2599 372 2673 ston
402 2603 602 2674 iacentibus
631 2603 668 2672 in
698 2602 844 2673 baronio
873 2603 918 2673 de
943 2601 1121 2694 Bulbeluy
1145 2602 1238 2672 infra
1262 2603 1553 2674 vicecomitatum
1582 2605 1626 2674 de

294 2712 493 2786 Aberden·
514 2755 522 2771 ·
545 2754 553 2770 ·
575 2737 639 2807 pro
665 2713 818 2804 quedem
844 2722 943 2785 certa
966 2710 1104 2784 summe
1127 2715 1281 2805 pecunie
1298 2754 1306 2770 ·
1325 2754 1334 2770 ·
1352 2754 1361 2770 ·
1379 2736 1486 2806 quem
1513 2715 1627 2786 didus

295 2825 491 2898 Duncenus
516 2827 604 2896 mihi
628 2865 636 2881 ·
661 2865 669 2882 ·
696 2866 703 2882 ·
728 2822 953 2917 persoluebet
975 2865 984 2881 ·
1009 2865 1017 2881 ·
1042 2864 1050 2880 ·
1074 2823 1123 2895 Et
1146 2820 1173 2893 fi
1197 2826 1384 2920 contingat
1402 2865 1410 2882 ·
1429 2866 1438 2882 ·
1457 2866 1465 2882 ·
1483 2849 1543 2897 me
1568 2827 1625 2897 vel

294 2939 442 3010 heredes
471 2961 571 3010 meos
601 2977 609 2993 ·
639 2978 646 2993 ·
678 2975 686 2992 ·
717 2938 874 3030 prefatos
903 2934 1110 3032 magistrum
1137 2935 1354 3007 Duncanum
1384 2937 1533 3008 heredes
1562 2948 1626 3008 eut

293 3045 483 3145 effignutos
499 3048 580 3120 suos
598 3051 634 3119 in
653 3048 834 3120 leuntione
852 3089 860 3105 ·
879 3089 887 3105 ·
908 3088 915 3105 ·
935 3048 1020 3120 ditti
1046 3050 1156 3119 annui
1181 3048 1342 3118 redditus
1360 3047 1417 3118 vel
1434 3046 1626 3120 solidorum

294 3201 301 3216 ·
321 3202 329 3217 ·
349 3202 357 3218 ·
376 3163 570 3255 impedire·
586 3201 593 3217 ·
609 3200 617 3216 ·
632 3160 713 3230 volo
731 3199 739 3215 ·
755 3200 762 3216 ·
777 3199 785 3215 ·
801 3160 896 3252 quod
911 3161 1026 3231 dictus
1043 3182 1184 3231 annuus
1201 3160 1361 3230 redditus
1378 3169 1465 3231 tunc
1484 3162 1626 3231 debitus

293 3297 340 3344 ex
366 3272 440 3366 ipso
457 3273 551 3344 fatto
568 3271 771 3364 duplicetur
788 3310 796 3326 ·
815 3310 823 3327 ·
842 3312 851 3328 ·
869 3273 907 3342 in
924 3294 1053 3364 penam
1080 3270 1414 3343 contrafacientium
1433 3312 1441 3327 ·
1461 3312 1468 3327 ·
1488 3312 1496 3327 ·
1515 3271 1625 3365 Apud

294 3381 454 3456 Coliston
469 3407 493 3454 x
507 3382 598 3475 Mcij
611 3405 704 3453 nuno
716 3381 863 3452 Domini
878 3403 1106 3453 mccccuxn
1122 3382 1272 3454 ·Comm
1285 3382 1353 3475 hijs
1366 3380 1516 3454 testibus
1530 3384 1627 3455 vide-

295 3498 381 3567 licet
399 3496 542 3566 domino
559 3494 697 3565 Thomu
713 3491 837 3564 Ettele
854 3497 993 3566 noterio
1019 3494 1164 3586 publico
1182 3533 1190 3550 ·
1208 3494 1232 3564 J
1234 3494 1344 3565 ecobo
1361 3493 1485 3565 Ettale
1510 3496 1628 3587 capel·

294 3606 559 3811 lancy-sThomu
583 3606 682 3699 Grey
699 3644 707 3660 ·
727 3602 902 3676 Villeimo
930 3603 1031 3677 Rede
1049 3644 1057 3660 ·
1076 3605 1224 3677 Andree
1241 3604 1406 3699 Lycbton
1424 3643 1433 3661 ·
1452 3604 1626 3677 Villelmo

295 3718 375 3789 Run
415 3740 487 3787 on·

293 4052 404 4124 Certo
420 4051 568 4123 Andree
584 4048 746 4123 Alonson
764 4050 810 4123 de
826 4052 886 4144 xvj
904 4048 966 4122 soi.
985 4052 1045 4145 viij
1065 4051 1135 4123 den
1153 4090 1162 4105 ·

293 4251 475 4348 Andreas
500 4269 662 4345 Alonson
686 4269 870 4368 burgensis
893 4313 901 4330 ·
926 4314 934 4330 ·
960 4313 967 4330 ·
991 4273 1036 4344 de
1062 4272 1255 4344 Aberdene
1272 4310 1281 4326 ·
1300 4311 1308 4327 ·
1326 4312 1335 4328 ·
1355 4271 1543 4345 Noueritio
1569 4299 1627 4348 me

294 4430 301 4445 ·
321 4429 329 4445 ·
350 4428 358 4445 ·
378 4381 572 4458 vendidisse
589 4425 597 4442 ·
616 4426 625 4442 ·
644 4425 652 4442 ·
671 4382 838 4481 magistro
852 4386 1029 4458 Dunccno
1046 4385 1235 4478 Lychtone
1251 4384 1462 4457 cancellario
1479 4385 1627 4459 ecclesie

293 4493 559 4573 Aberdonenfis
576 4537 585 4555 ·
604 4538 613 4554 ·
633 4537 641 4555 ·
659 4498 841 4570 redditum
866 4499 952 4592 xxvj
971 4494 1166 4569 solidorum
1185 4507 1223 4568 et
1240 4495 1300 4591 viij
1319 4496 1545 4570 denariorum
1563 4538 1571 4554 ·
1590 4539 1598 4555 ·
1617 4539 1625 4556 ·
