4088 5430
347 633 421 700 254
864 622 1170 697 REGISTRUM
1534 623 1690 720 [sucum

348 824 549 920 predistum
575 824 633 895 die
658 825 785 916 quinto
811 817 941 893 menfie
967 822 1188 895 Nouembris
1214 845 1308 894 anno
1326 820 1476 895 Domini
1500 819 1691 895 millefimo

349 931 699 1029 quadringentefimo
727 928 995 1027 quadragefimo
1025 958 1120 1005 nono
1145 975 1155 992 ·
1177 931 1340 1006 Testibua
1369 937 1529 1028 prouidis
1557 946 1595 1007 et
1622 938 1692 1008 eir·

349 1043 562 1140 eumspettia
575 1049 659 1117 viria
671 1046 696 1118 J
698 1047 839 1117 ohanne
853 1046 898 1115 de
912 1044 1055 1141 Serogis
1074 1057 1160 1118 tune
1177 1042 1357 1140 prepofito
1374 1048 1478 1142 burgi
1495 1049 1689 1120 antediffl·

349 1160 517 1232 lohanne
534 1160 580 1231 de
598 1158 684 1252 Fyff
694 1199 703 1216 ·
722 1157 890 1230 Gilberto
908 1157 1104 1250 Mengheis
1121 1196 1130 1213 ·
1146 1158 1171 1230 J
1173 1159 1314 1229 ohanne
1332 1159 1378 1230 de
1395 1158 1539 1254 Sorogis
1555 1170 1661 1252 patre
1678 1199 1688 1216 ·

351 1271 504 1343 Matheo
531 1271 669 1363 chhet
695 1311 704 1328 ·
730 1268 896 1340 Johanne
927 1269 972 1341 de
1000 1270 1085 1342 Mar
1106 1270 1282 1341 ·Audrea
1309 1269 1464 1341 Anerolt
1489 1310 1499 1327 ·
1521 1270 1691 1342 Johanne

352 1383 497 1454 Kentor
510 1423 518 1439 ·
530 1382 679 1454 Andrea
697 1381 891 1472 Mengheis
905 1419 913 1436 ·
925 1381 1120 1453 Murthaco
1138 1378 1336 1453 Glaster·J
1338 1382 1478 1453 ohanne
1495 1381 1688 1476 Kympdy·

353 1494 518 1566 Gilberto
529 1492 651 1565 Vauss
665 1492 824 1564 Henrico
837 1490 943 1564 Vaus
954 1502 991 1564 et
1004 1493 1193 1565 Willelmo
1207 1492 1317 1586 Sprot
1334 1490 1567 1587 burgenfibus
1584 1495 1690 1589 burgi

352 1607 500 1700 preditti
518 1629 589 1677 vna
606 1629 689 1677 eum
705 1604 729 1677 J
731 1605 873 1676 ohanne
890 1606 936 1676 de
953 1603 1071 1699 Spens
1088 1628 1158 1676 vno
1176 1601 1450 1699 sergeandorum
1468 1647 1477 1664 ·

353 1937 537 2014 Conoeffio
555 1952 593 2013 et
610 1941 834 2014 confirmatio
852 1938 1024 2032 episcopis
1047 1943 1148 2036 regni
1174 1940 1297 2013 Scotie
1314 1949 1354 2011 vt
1371 1941 1515 2035 plenam
1532 1943 1690 2014 habeant

353 2052 652 2126 testamentorum
670 2052 813 2123 suorum
832 2051 1023 2125 tottionem
1041 2090 1050 2107 ·

352 2254 388 2351 J
390 2279 521 2348 acobus
539 2277 609 2349 Dei
634 2278 750 2371 gratia
778 2274 853 2371 [eto.
880 2285 913 2347 et
937 2277 979 2346 in
995 2267 1099 2347 Atio
1115 2274 1425 2348 Parliamentomm
1449 2277 1547 2374 repul
1568 2274 1689 2362 Sontie

353 2386 415 2463 eol.
434 2391 471 2460 ii.
492 2388 569 2482 37.]
598 2389 709 2481 Apud
730 2388 942 2482 Edinburgh
959 2383 1126 2459 vicesimo
1144 2398 1271 2481 quarto
1298 2390 1355 2459 die
1380 2384 1511 2460 mensis
1527 2388 1689 2485 Janaarij

353 2525 447 2574 anno
465 2501 613 2571 Domini
631 2495 820 2571 millefimo
838 2496 1186 2594 quadringentefimo
1204 2496 1472 2595 quadragefimo
1489 2525 1584 2573 nono
1602 2541 1610 2559 ·

353 2838 463 2910 Carta
492 2837 644 2909 Henriei
674 2836 803 2930 Rynde
830 2834 935 2929 super
964 2836 1079 2907 crofto
1106 2836 1151 2906 de
1180 2834 1217 2927 ly
1243 2833 1408 2906 Hedonis
1434 2836 1487 2906 hil
1514 2846 1553 2907 et
1580 2838 1624 2908 de
1653 2838 1690 2931 ly

355 2949 575 3045 Langlandis
593 2989 601 3004 ·

354 3151 555 3248 Hearicus
573 3170 702 3264 Rynde
719 3169 958 3242 thesaurarius
976 3164 1123 3241 ecclefie
1140 3167 1407 3240 Aberdonenfis
1425 3208 1433 3226 ·
1449 3208 1457 3226 ·
1475 3209 1483 3226 ·
1502 3170 1691 3244 Noueritis

352 3311 412 3359 me
431 3327 439 3343 ·
458 3326 467 3343 ·
486 3325 494 3342 ·
514 3285 559 3355 ad
577 3282 822 3354 feodofirmam
840 3277 1003 3352 dimilille
1022 3321 1030 3338 ·
1049 3322 1057 3338 ·
1077 3323 1085 3338 ·
1101 3280 1290 3353 Willelmo
1307 3281 1338 3352 F
1338 3283 1445 3375 ychet
1462 3279 1626 3376 bargenfi
1643 3285 1691 3356 do

352 3398 525 3471 Aberden
543 3395 617 3464 filio
635 3404 673 3465 et
690 3395 811 3464 heredi
831 3394 975 3465 Ricardi
994 3392 1133 3486 chhet
1151 3416 1266 3485 nuper
1282 3394 1439 3465 defuneti
1457 3432 1465 3449 ·
1482 3432 1490 3450 ·
1507 3431 1517 3450 ·
1534 3395 1690 3466 crottum

352 3533 473 3582 meum
492 3509 537 3578 de
555 3507 591 3599 ly
609 3504 774 3577 Hedonis
799 3505 849 3575 hil
869 3515 907 3576 et
924 3506 969 3576 de
988 3505 1024 3596 ly
1042 3504 1262 3600 Langlandia
1282 3543 1291 3560 ·
1314 3545 1323 3562 ·
1349 3546 1358 3563 ·
1380 3508 1500 3578 iacens
1517 3505 1561 3578 ad
1578 3507 1689 3578 finem

351 3621 524 3693 borialem
542 3620 612 3690 viai
629 3619 811 3688 furcarum
828 3618 914 3688 diui
940 3618 1044 3711 burgi
1062 3625 1228 3709 exparte
1253 3617 1418 3689 orientali
1444 3616 1601 3689 eiusdem
1619 3621 1689 3690 vici

351 3735 447 3804 inter
476 3741 609 3801 terram
636 3729 815 3800 Willelmi
840 3737 944 3800 vocat
972 3752 1018 3798 ex
1045 3736 1148 3821 parte
1176 3725 1320 3799 australi
1348 3752 1394 3799 ex
1424 3739 1526 3821 parte
1551 3753 1621 3801 vna
1650 3741 1690 3801 et

351 3854 484 3916 terram
510 3839 585 3913 liue
611 3842 767 3912 crottum
788 3839 925 3911 Thome
947 3839 1130 3932 Blyndseil
1157 3863 1204 3910 ex
1230 3849 1332 3933 parte
1359 3840 1485 3911 boriali
1513 3865 1559 3912 ex
1585 3851 1689 3934 parte

352 3956 466 4027 altera
483 3954 577 4046 quod
595 3954 741 4045 quidem
760 3953 915 4022 eroftum
932 3948 968 4023 se
985 3952 1153 4023 extendit
1172 3954 1208 4023 in
1226 3952 1452 4047 longitudine
1469 3978 1491 4024 a
1507 3956 1689 4025 communi

351 4069 410 4136 via
438 4067 536 4158 regia
561 4088 632 4156 qua
658 4066 732 4135 itur
761 4063 805 4134 ad
836 4065 1024 4135 canoniam
1052 4063 1347 4136 Aberdonensem
1373 4063 1493 4136 versus
1523 4066 1689 4137 occidens

351 4176 522 4269 usquead
540 4176 695 4247 crottum
714 4174 870 4247 Gilberti
897 4174 1067 4268 Mengeia
1093 4177 1213 4246 iacens
1238 4176 1283 4246 ad
1308 4175 1419 4246 finem
1445 4177 1491 4247 de
1516 4176 1553 4268 ly
1570 4174 1690 4273 Lang-

350 4289 467 4364 landis
484 4285 604 4357 versus
630 4289 748 4358 oriens
766 4327 774 4344 ·
798 4327 807 4344 ·
830 4325 839 4344 ·
858 4285 1058 4359 Reddendo
1084 4287 1169 4357 inde
1185 4323 1195 4340 ·
1210 4323 1220 4342 ·
1236 4323 1246 4342 ·
1263 4285 1451 4358 sexdecem
1475 4287 1604 4358 solidos
1622 4327 1631 4346 ·
1650 4329 1659 4346 ·
1677 4328 1687 4347 ·

349 4400 498 4496 lingulis
515 4400 617 4471 annis
635 4400 900 4491 imperpetuum
919 4399 1235 4492 proportionaliter
1247 4399 1291 4469 ad
1310 4400 1399 4470 duos
1413 4402 1497 4470 anni
1514 4401 1688 4472 terminos

349 4512 514 4588 usuales·
533 4549 542 4566 ·
562 4549 570 4567 ·
590 4507 701 4580 Saluo
722 4518 845 4580 tamen
863 4511 958 4602 quod
975 4507 1002 4580 fi
1020 4513 1206 4607 contingat
1228 4512 1362 4582 neum
1381 4511 1610 4583 Willelmum
1627 4512 1687 4585 vel
