4088 5430
352 637 423 704 430
874 627 1181 704 REGISTRUM
1538 630 1705 727 [uacum

357 910 483 1017 Carta
516 941 715 1014 feodifirme
740 941 917 1013 Johannia
950 943 1092 1015 abbatis
1119 950 1157 1013 et
1185 950 1387 1014 conuentus
1412 939 1623 1038 monasterij
1654 944 1705 1015 ‹le

355 1053 530 1126 Londoria
556 1061 732 1125 terrarum
758 1056 804 1126 de
830 1054 1026 1150 Kyrktoun
1055 1055 1100 1126 de
1123 1053 1357 1127 Culsalmond
1382 1056 1477 1128 satta
1500 1053 1703 1128 Willelmo

354 1165 541 1259 Galluway
558 1168 681 1259 nepoti
707 1191 753 1238 ex
770 1166 882 1239 fratre
909 1163 1069 1262 magistri
1095 1166 1299 1239 Alexandri
1323 1166 1510 1262 Galloway
1527 1168 1702 1240 canonici

355 1272 621 1349 Aberdonenfis
637 1317 645 1334 ·
670 1277 870 1350 Reddendo
901 1318 1453 1339 ··········
1480 1279 1581 1352 Data
1597 1280 1700 1374 apud

354 1385 609 1461 monasterium
627 1389 672 1461 de
691 1389 870 1463 Lundoria
895 1391 981 1484 xxvj
1008 1390 1111 1484 Junij
1130 1412 1203 1462 un.
1232 1411 1403 1463 mmm.

358 1703 588 1820 preceptum
605 1723 717 1799 l'asme
734 1723 894 1799 eiusdem
911 1727 1038 1799 datum
1064 1726 1192 1799 eodem
1210 1727 1268 1799 die
1285 1768 1294 1785 ·

355 2041 650 2139 lustramentum
677 2060 894 2159 polleffionis
917 2064 962 2135 de
988 2059 1121 2135 eisdem
1147 2065 1253 2135 terris
1280 2064 1413 2136 saltum
1437 2065 1474 2134 iv
1498 2063 1591 2157 Julij
1620 2086 1699 2139 an.

353 2200 522 2251 mnxw.

354 2492 648 2586 Instrumentum
665 2512 771 2607 super
788 2509 1026 2609 resignatione
1043 2513 1153 2583 annui
1171 2512 1332 2583 redditus
1350 2513 1478 2607 viginti
1496 2509 1696 2588 solidorum

351 2627 497 2699 leuandi
511 2628 556 2698 de
570 2627 628 2720 lye
643 2626 747 2720 Lang
759 2649 847 2720 rygg
858 2625 952 2696 fana
966 2647 1029 2717 per
1044 2622 1070 2695 J
1071 2625 1250 2695 ohannem
1264 2621 1430 2696 Oolisone
1447 2632 1486 2697 et
1504 2625 1697 2722 Margare-

351 2749 427 2810 tam
447 2737 587 2809 Setoun
605 2739 682 2809 eiua
700 2734 860 2830 sponsam
878 2738 916 2806 in
934 2737 1095 2807 fauorem
1112 2738 1324 2808 vicariorum
1342 2738 1441 2808 chori
1458 2746 1568 2831 atque
1586 2736 1697 2834 super

351 2846 465 2921 safina
478 2848 636 2921 eiusdem
649 2889 657 2906 ·
669 2845 818 2943 prestito
832 2856 954 2919 tamen
968 2849 1065 2941 priua
1078 2848 1251 2942 corporali
1265 2851 1467 2922 iuramento
1480 2874 1545 2944 per
1555 2853 1695 2926 dietam

351 2961 598 3057 Margaretam
616 2961 712 3053 quod
729 2962 774 3032 ad
791 2960 988 3054 medillam
1013 2956 1290 3055 resignationem
1307 2983 1381 3030 non
1398 2961 1469 3033 fuit
1486 2962 1694 3057 compulsa·

351 3073 489 3145 Datum
509 3076 546 3144 ix
564 3073 652 3166 Julij
672 3095 745 3145 au.
765 3093 932 3143 mnxnv.

352 3282 478 3388 Carta
503 3310 528 3382 J
530 3311 680 3382 ohannis
708 3306 864 3380 Collison
890 3309 982 3380 fama
1008 3307 1147 3399 vicarijs
1175 3307 1272 3379 chori
1298 3303 1446 3379 eaclefie
1473 3309 1695 3385 cathedralis

350 3419 618 3497 Aberdonenfis
636 3424 681 3493 de
699 3430 737 3493 et
754 3419 858 3514 super
881 3419 1042 3514 preditta
1068 3417 1206 3490 summa
1223 3421 1350 3514 viginti
1367 3418 1559 3492 solidorum
1576 3429 1694 3498 annui

349 3539 512 3609 redditus
546 3530 740 3628 conquesta
776 3531 910 3604 eisdem
945 3555 1010 3625 per
1051 3531 1293 3603 venerabilem
1328 3534 1444 3602 virum
1476 3532 1693 3630 magistrum

350 3649 602 3720 Alexandrum
631 3645 818 3735 Galloway
845 3669 867 3715 a
891 3643 1054 3737 Kynkell
1077 3646 1252 3716 reiltorem
1279 3645 1316 3714 in
1342 3641 1535 3716 subsidium
1562 3647 1695 3722 funda-

351 3764 460 3833 tionis
486 3757 547 3830 sue
578 3755 707 3829 eisdem
738 3759 831 3828 fatte
859 3791 866 3808 ·
898 3755 1078 3828 Facienda
1108 3757 1192 3828 inde
1217 3754 1407 3829 seruieium
1436 3757 1653 3855 burgagium
1683 3809 1692 3824 .

352 3872 449 3945 Data
466 3872 561 3966 apud
579 3868 765 3941 Abirdene
783 3893 807 3939 x
825 3869 849 3940 J
851 3868 914 3961 ulij
933 3889 1006 3939 am.
1024 3887 1196 3940 mmxw.

355 4185 646 4280 Instrumentum
664 4204 767 4300 super
784 4205 956 4277 facultate
982 4206 1106 4277 vtendi
1132 4204 1368 4278 luminaribus
1384 4203 1444 4278 seu
1462 4205 1628 4283 fenestris
1652 4213 1692 4285 in

353 4321 425 4391 tine
442 4316 585 4391 australi
602 4313 713 4391 mansi
740 4320 785 4389 de
811 4317 1011 4388 Kincardin
1036 4339 1192 4410 perque
1217 4314 1428 4411 perspicitur
1452 4319 1549 4391 iutra
1566 4333 1691 4397 ortum

353 4428 464 4503 mansi
483 4433 527 4502 de
547 4430 736 4524 Methtlyk
754 4424 913 4502 cancella
928 4452 992 4522 per
1008 4432 1182 4500 reatorem
1200 4429 1245 4500 de
1264 4429 1435 4524 Methlyk
1453 4431 1608 4506 durante
1626 4435 1692 4510 sua
