4088 5430
350 616 420 685 342
865 614 1170 688 REGISTRUM
1537 617 1693 714 [sucum

352 813 526 906 Stephani
559 812 799 885 Duncansone
829 837 874 884 ex
903 815 1117 887 occidentali
1143 815 1306 909 partibus
1334 817 1379 887 ab
1407 817 1554 888 altera·
1580 820 1692 889 etde

351 928 489 999 duabus
506 927 603 997 rudis
620 922 695 997 siue
712 928 895 1020 perticatis
912 937 1008 998 terre
1033 950 1114 999 mee
1141 929 1344 999 iacentibus
1360 953 1406 999 ex
1424 924 1568 1002 australi
1587 944 1692 1024 parte

351 1037 508 1110 eiusdem
526 1040 629 1134 burgi
651 1041 747 1109 inter
771 1048 904 1110 terram
923 1038 1104 1111 Willelmi
1131 1038 1320 1111 Anderson
1347 1038 1493 1113 senioris
1510 1066 1557 1113 ex
1574 1045 1693 1114 orien-

350 1149 413 1222 tali
433 1174 478 1221 ex
497 1174 566 1223 vna
583 1161 622 1222 et
639 1160 772 1222 terram
798 1150 917 1223 Dauid
944 1151 1135 1224 Ohawmer
1151 1176 1197 1223 ex
1216 1152 1431 1235 occidentali
1457 1155 1619 1246 partibus
1644 1154 1692 1226 ab

349 1262 463 1334 altera
481 1265 517 1333 in
535 1260 724 1356 specialem
741 1272 931 1334 varantum
950 1264 1126 1334 dittorum
1152 1287 1352 1336 annuorum
1371 1267 1578 1337 reddituum
1604 1289 1692 1358 qua-

350 1376 550 1447 tuordecim
575 1372 767 1446 solidorum
794 1372 858 1447 fibi
887 1374 1127 1447 alienatorum
1151 1416 1159 1433 ·
1180 1416 1187 1431 ·
1207 1416 1215 1433 ·
1235 1376 1345 1470 Apud
1373 1377 1508 1448 dittum
1534 1379 1690 1472 burgum

351 1490 438 1558 xxiv
454 1487 478 1558 J
480 1488 542 1580 ulij
562 1507 922 1559 a.n.n1.cccc.xcw11
941 1529 949 1548 ·
968 1486 1097 1559 Coram
1115 1487 1383 1558 honorabilibus
1394 1497 1432 1558 et
1445 1485 1587 1560 famosis
1605 1490 1690 1559 viris

351 1595 516 1693 magistro
530 1599 659 1671 Eltore
670 1597 771 1692 Boys
778 1641 786 1658 ·
801 1600 955 1670 dominis
968 1599 1117 1672 Andrea
1130 1598 1281 1672 Henrici
1295 1641 1303 1657 ·
1319 1598 1486 1672 Gilberto
1500 1600 1692 1673 Chawmer

350 1711 544 1805 capellanis
561 1750 569 1767 ·
588 1710 748 1783 Henrico
766 1711 922 1784 Garioch
940 1751 948 1767 ·
965 1710 1142 1783 Duncano
1160 1711 1256 1783 Crak
1274 1749 1282 1766 ·
1301 1721 1339 1783 et
1357 1712 1502 1783 domino
1519 1712 1544 1783 J
1546 1713 1690 1784 ohanne

351 1823 560 1918 Streueling
580 1826 746 1896 notario·

349 2156 458 2228 Carta
474 2156 498 2227 J
501 2157 651 2227 ohannis
668 2153 906 2225 Ruthirsurde
932 2154 1025 2225 satta
1043 2153 1220 2226 Duncano
1238 2154 1392 2227 Scherar
1409 2156 1454 2227 de
1472 2180 1522 2226 xx
1539 2155 1660 2228 solidis
1679 2199 1688 2215 ·

347 2360 541 2454 ‚lohannes
560 2380 796 2452 Ruthirsurde
816 2376 958 2475 [miles]
978 2403 1019 2451 ac
1037 2376 1237 2472 prepositus
1254 2380 1356 2474 burgi
1375 2382 1420 2451 de
1438 2380 1634 2453 Aberden·
1656 2425 1689 2440 ··

351 2495 537 2566 Noueritis
564 2517 623 2564 me
650 2533 657 2548 ·
686 2530 694 2548 ·
722 2532 729 2547 ·
757 2488 951 2563 vendidisse
970 2530 978 2546 ·
997 2533 1005 2547 ·
1025 2535 1033 2551 ·
1052 2490 1219 2586 magistro
1247 2492 1430 2564 Duncauo
1452 2493 1629 2565 Scherar·
1651 2537 1658 2551 ·
1680 2535 1688 2552 ·

347 2630 506 2680 annuum
524 2605 705 2676 redditum
725 2604 852 2698 viginti
871 2600 1062 2673 solidomm
1080 2639 1088 2658 ·
1107 2641 1115 2660 ·
1134 2644 1142 2660 ·
1163 2604 1356 2675 leuandum
1370 2605 1436 2674 de·
1451 2646 1458 2660 ·
1474 2642 1483 2662 ·
1498 2615 1594 2677 terra
1608 2630 1690 2678 mea

348 2716 420 2792 siue
438 2729 648 2790 tenemento
667 2740 748 2787 curn
767 2713 837 2786 suis
854 2717 1090 2808 pertinencijs
1107 2717 1248 2787 iacente
1270 2717 1363 2786 infra
1379 2717 1514 2786 didtum
1533 2717 1688 2811 burgum

347 2836 384 2902 in
402 2834 480 2903 vico
498 2828 667 2923 superiori
682 2823 830 2899 ecclesie
848 2850 894 2897 ex
912 2823 1056 2898 australi
1071 2836 1173 2920 parte
1191 2826 1347 2898 eiusdem
1363 2831 1431 2898 rici
1445 2829 1540 2898 inter
1553 2837 1687 2901 terram

348 2944 492 3015 Ricardi
519 2942 621 3013 Vaus
649 2964 694 3011 ex
722 2937 888 3010 orientali
915 2962 960 3008 ex
988 2961 1058 3010 vna
1083 2949 1121 3009 et
1148 2949 1346 3011 torrentem
1372 2941 1416 3010 ad
1445 2941 1687 3032 aqueductum

346 3056 634 3127 molendinorum
661 3051 939 3124 descendentem
958 3073 1003 3120 ex
1022 3051 1236 3122 occidentali
1262 3051 1423 3143 partibus
1447 3052 1492 3122 ab
1509 3052 1623 3123 altera
1650 3065 1688 3123 et

347 3190 574 3240 communem
593 3168 686 3236 viam
706 3165 839 3258 regiam
859 3160 977 3233 versus
996 3162 1130 3234 borium
1150 3173 1187 3233 et
1205 3172 1337 3234 terram
1356 3164 1536 3254 quondam
1549 3162 1688 3235 Thome

346 3281 500 3352 Gullane
518 3277 638 3350 versus
656 3273 814 3348 austrum
834 3316 842 3332 ·
861 3315 868 3331 ·
888 3312 896 3329 ·
915 3276 937 3366 ij
958 3272 1113 3368 Augusti
1132 3295 1204 3344 un.
1224 3294 1496 3345 ucecexcvnr
1516 3316 1523 3331 ·

348 3595 621 3692 Testimonium
640 3614 788 3685 Andree
805 3610 959 3682 Gullane
985 3609 1131 3682 senioris
1149 3613 1254 3681 vniue
1274 3609 1488 3682 balliuomm
1507 3612 1551 3682 de
1569 3611 1689 3684 Aber-

347 3735 417 3804 deu
448 3731 552 3824 super
578 3723 691 3799 sasrna
716 3724 875 3796 eiusdem
903 3711 1012 3796 annui
1043 3725 1205 3794 redditus
1233 3725 1318 3794 data
1343 3724 1489 3793 domino
1519 3724 1688 3797 Gilberto

347 3846 502 3918 Chamer
531 3839 716 3934 capellano
746 3838 966 3932 procuratori
992 3834 1256 3929 capellanorum
1283 3836 1380 3906 chori
1405 3837 1550 3906 nomine
1576 3847 1614 3907 et
1639 3863 1686 3910 ex

348 3967 450 4050 parte
476 3949 635 4047 magistri
663 3949 842 4022 Duncano
873 3947 1025 4019 Selrerar
1058 3985 1066 4000 ·
1100 3946 1211 4040 Apud
1246 3945 1432 4021 Abirdeue
1467 3948 1490 4038 ij
1526 3946 1684 4044 Augusti

349 4091 421 4140 an.
441 4084 712 4137 mccccxcvur
732 4103 739 4119 ·
