4088 5430
349 610 421 677 918
867 602 1172 677 REGISTRUM
1539 603 1695 698 [ancum

350 909 538 1007 Inquisitio
554 912 660 1009 super
677 915 783 986 terris
801 914 846 984 de
863 912 998 985 Ardlar
1015 957 1022 970 ·

352 1116 551 1231 Inquisitio
576 1140 670 1212 raca
694 1142 789 1232 apud
816 1138 920 1208 Rane
945 1160 1067 1209 coram
1093 1135 1259 1231 episcopo
1281 1135 1533 1211 Aberdoncnsr
1556 1148 1595 1211 et
1615 1138 1696 1211 An·

351 1254 437 1324 drea
460 1249 652 1324 Senescalli
681 1252 797 1323 milite
820 1252 898 1321 eiua
924 1249 1060 1320 balliuo
1083 1250 1143 1319 die
1166 1259 1205 1320 et
1228 1272 1323 1321 anno
1347 1251 1477 1341 quibua
1502 1248 1607 1345 supra
1630 1274 1697 1344 per

352 1363 497 1461 [orffdcm
515 1364 574 1458 qui
585 1361 719 1460 supro]
740 1366 800 1456 qui
825 1400 833 1417 ·
858 1399 867 1417 ·
894 1402 901 1417 ·
926 1363 1035 1431 iurati
1053 1361 1180 1433 dicunt
1204 1362 1300 1453 quod
1317 1363 1499 1454 quondam
1517 1362 1696 1435 Patricius

351 1475 469 1569 Butyr
485 1484 588 1567 pater
605 1474 722 1547 Finlai
739 1474 858 1567 Butyr
878 1473 1002 1544 latoris
1027 1471 1250 1564 presentium
1268 1473 1359 1565 obijt
1377 1469 1529 1545 vestitus
1551 1511 1560 1529 ·
1583 1513 1591 1530 ·
1616 1516 1624 1531 ·
1650 1477 1696 1545 de

352 1588 489 1660 duabus
506 1588 683 1660 carucatis
700 1598 795 1659 terre
809 1588 854 1658 de
868 1585 1139 1679 Kyllachmond
1156 1622 1165 1640 ·
1183 1627 1191 1641 ·
1210 1622 1218 1639 ·
1237 1608 1308 1677 que
1325 1587 1398 1657 iam
1411 1586 1583 1658 dicuntur
1599 1596 1695 1658 terre

352 1701 398 1770 dc
414 1700 572 1771 Ardlar·
592 1740 600 1756 ·
619 1737 627 1755 ·
645 1701 683 1770 in
698 1696 814 1771 schira
831 1699 877 1770 dc
895 1697 979 1769 Clat
1004 1698 1098 1768 infra
1114 1698 1409 1769 vicecomitatum
1431 1699 1476 1769 de
1493 1699 1667 1769 Aberden
1686 1740 1694 1755 ·

352 1820 391 1883 et
408 1813 503 1903 quod
521 1813 635 1883 dictus
654 1811 803 1883 Finlaus
820 1806 873 1882 est
891 1809 1075 1903 legitimus
1094 1818 1132 1879 et
1149 1810 1382 1903 propinquior
1406 1809 1511 1880 heres
1536 1808 1695 1881 eiusdem

352 1924 530 2016 quondam
550 1923 696 2016 Patricij
721 1963 730 1981 ·
758 1964 766 1979 ·
794 1963 802 1979 ·
828 1922 874 1992 de
900 1919 1005 1993 dietis
1028 1922 1133 1991 terris
1159 1961 1167 1977 ·
1196 1962 1204 1976 ·
1232 1962 1240 1977 ·
1268 1934 1306 1991 et
1332 1922 1428 2013 quod
1454 1919 1506 1993 cst
1532 1923 1695 2016 legitime

351 2036 459 2107 etatis
477 2074 486 2092 ·
504 2046 543 2106 et
568 2036 664 2127 quod
690 2036 784 2106 dicte
811 2043 907 2104 terre
934 2072 942 2088 ·
970 2074 978 2088 ·
1006 2071 1014 2086 ·
1040 2031 1164 2104 valent
1192 2056 1289 2104 nunc
1314 2056 1379 2125 per
1406 2056 1542 2105 annum
1569 2035 1695 2105 decem

351 2169 487 2219 marcae
517 2158 555 2218 ot
585 2157 730 2218 tantum
760 2145 931 2217 valebant
960 2154 1124 2238 ternpore
1153 2146 1252 2238 pacis
1281 2183 1289 2199 ·
1313 2183 1321 2199 ·
1349 2182 1358 2199 ·
1384 2155 1423 2216 et
1453 2156 1627 2219 tenentur
1655 2151 1694 2218 in

351 2260 469 2353 capite
493 2260 538 2329 de
561 2256 727 2352 episcopo
745 2254 995 2329 Aberdonenli
1013 2264 1051 2326 et
1068 2258 1145 2327 eiua
1171 2253 1321 2328 ecclefia
1337 2257 1502 2329 faciendo
1528 2298 1537 2316 ·
1560 2297 1568 2313 ·
1589 2298 1598 2314 ·
1621 2271 1695 2331 tres

350 2370 484 2442 scitas·
508 2412 516 2426 ·
539 2410 547 2426 ·
570 2380 609 2440 et
632 2369 816 2440 reddendo
834 2407 842 2423 ·
864 2406 872 2422 ·
895 2368 1010 2438 ·duas
1026 2391 1164 2439 marcas
1181 2371 1322 2463 argenti
1340 2406 1348 2423 ·
1366 2408 1374 2423 ·
1393 2411 1401 2425 ·
1421 2369 1471 2441 Et
1489 2372 1585 2464 quod
1611 2370 1694 2443 sunt

351 2485 387 2552 in
418 2482 583 2553 manibus
611 2482 697 2551 ‹litti
729 2482 863 2551 domini
891 2478 1044 2573 episcopi
1070 2483 1255 2575 recognite
1283 2504 1347 2573 per
1374 2505 1514 2554 marum
1542 2483 1644 2556 suum
1673 2511 1695 2556 a

350 2607 512 2689 tempore
539 2595 664 2663 mortis
682 2595 767 2664 ditti
785 2592 965 2684 quondam
984 2592 1129 2684 Patricij
1149 2594 1210 2684 qui
1237 2592 1327 2686 obijt
1351 2594 1410 2665 die
1427 2594 1584 2667 Veneris
1607 2609 1693 2669 ante

351 2702 589 2778 Pentecosten
608 2705 735 2775 vltimo
752 2706 963 2797 preteritum
982 2744 990 2760 ·
1556 2725 1561 2735 ·

349 3043 407 3115 De
425 3043 512 3115 villa
529 3043 573 3112 de
592 3037 689 3113 Parfi
708 3039 845 3111 Thome
864 3038 1071 3112 Donaidson
1091 3041 1201 3110 data·

349 3244 555 3345 Gilbertus
580 3305 588 3321 ·
614 3304 622 3320 ·
648 3303 656 3319 ·
683 3264 869 3359 episcopus
896 3305 904 3320 ·
932 3304 940 3320 ·
969 3304 976 3320 ·
1006 3263 1196 3335 Noueritis
1230 3288 1295 3336 nos
1320 3304 1328 3319 ·
1355 3305 1361 3319 ·
1391 3306 1398 3322 ·
1426 3263 1588 3339 assedatse
1614 3307 1621 3322 ·
1648 3309 1691 3326 ··

347 3380 485 3454 Thomu
510 3376 719 3450 Donaldson
751 3388 865 3448 totam
898 3378 969 3447 iam
995 3372 1132 3448 vastam
1163 3389 1201 3448 et
1231 3377 1469 3450 inhabitatam
1496 3381 1618 3452 villam
1647 3384 1693 3453 de

349 3489 446 3567 Parsi
471 3487 630 3564 nostram
657 3489 836 3560 iacentem
854 3489 892 3558 in
910 3489 1068 3559 dominio
1090 3485 1210 3559 nostro
1237 3491 1281 3560 de
1299 3486 1419 3562 Braise
1445 3493 1538 3564 infra
1555 3495 1692 3566 viceco-

347 3609 517 3678 mitatum
535 3603 581 3675 de
598 3601 794 3673 Aberdene
820 3602 865 3672 ad
891 3602 1088 3672 terminum
1106 3602 1232 3672 decern
1258 3626 1434 3673 annornm
1451 3629 1472 3675 a
1490 3601 1580 3676 festo
1598 3606 1691 3678 Pen-

348 3715 500 3790 tecosten
523 3716 687 3811 proximo
705 3715 828 3784 futuro
847 3752 854 3768 ·
874 3752 882 3768 ·
900 3751 908 3767 ·
926 3711 1128 3784 Reddendo
1146 3715 1231 3786 inde
1249 3755 1257 3773 ·
1276 3752 1284 3769 ·
1302 3753 1310 3769 ·
1328 3717 1490 3807 quolibet
1515 3741 1610 3788 anno
1628 3717 1690 3790 sex

347 3831 543 3922 primorum
572 3829 749 3898 dictorum
780 3826 904 3897 decem
935 3848 1111 3897 annorum
1147 3827 1335 3898 duodecim
1368 3830 1531 3899 denarios
1561 3828 1691 3902 vsualis

347 3952 495 4012 monete
525 3951 562 4011 et
593 3939 755 4030 quolibet
789 3937 1009 4030 reliquorum
1040 3947 1196 4029 quatuor
1230 3962 1407 4011 annorum
1437 3941 1527 4011 duos
1559 3938 1690 4014 solidos

347 4053 493 4123 nomine
519 4074 639 4123 annue
665 4050 767 4120 firme
794 4050 840 4122 ad
867 4051 956 4120 duos
985 4050 1072 4121 anni
1098 4052 1272 4123 terminos
1296 4049 1435 4123 usuales
1461 4064 1499 4122 et
1524 4053 1689 4126 faciendo

347 4185 577 4236 communem
600 4159 733 4234 seciam
751 4200 759 4217 ·
778 4202 785 4218 ·
805 4201 812 4216 ·
831 4159 877 4233 In
894 4164 997 4234 exitu
1022 4171 1146 4253 tamen
1165 4163 1340 4233 dictorum
1364 4163 1490 4234 decem
1513 4187 1688 4237 annorum

346 4272 481 4347 sursum
507 4274 608 4345 dabit
635 4312 643 4329 ·
671 4313 679 4329 ·
707 4313 716 4328 ·
740 4275 872 4346 dictam
888 4274 1012 4346 villam
1033 4272 1251 4345 sufficienter
1266 4274 1496 4345 edificatam·
1519 4314 1527 4329 ·
1550 4274 1689 4370 ·Apud

346 4385 544 4457 Aberdone
562 4378 727 4453 vicefimo
745 4386 872 4475 quinto
891 4386 949 4457 die
966 4381 1097 4457 mensis
1113 4384 1275 4478 Januarij
1294 4409 1388 4457 anno
1407 4385 1554 4458 Domini
1573 4388 1689 4461 mille-

346 4495 433 4569 simo
451 4490 802 4590 quadringentesimo
819 4495 960 4567 decimo
978 4520 1073 4567 nono
1092 4538 1099 4552 ·
