4088 5430
346 639 367 701 a
859 611 1169 691 auersrsurr
1529 574 1683 705 [sacen

346 824 549 899 camerario
568 862 575 878 ·
594 820 689 914 apud
706 817 915 912 Striuelyng
930 811 1096 887 vicesimo
1113 814 1171 884 die
1188 805 1346 905 Augusti
1370 831 1465 881 auno
1484 809 1587 903 regni
1612 808 1684 877 mei

347 937 537 1009 undecimo
555 971 563 989 ·

233 1274 236 1283 '
348 1268 458 1340 Carta
474 1266 649 1341 malcolmi
668 1265 777 1360 Regis
794 1265 839 1335 de
857 1263 1012 1336 Baronia
1029 1262 1073 1333 de
1090 1259 1251 1336 ceurtbill
1268 1297 1277 1313 ·

350 1469 598 1592 malcolmus
615 1488 673 1559 dei
689 1489 804 1581 gratia
816 1486 898 1556 Rex
912 1485 1120 1557 Scottorum
1134 1522 1143 1540 ·
1158 1482 1337 1554 Omnibus
1350 1481 1471 1575 probis
1483 1479 1687 1550 hominibus

350 1603 462 1672 totius
487 1609 581 1670 terre
605 1596 666 1671 sue
691 1599 828 1670 clericis
854 1608 892 1669 et
917 1597 1016 1668 laicis
1036 1634 1045 1651 ·
1067 1594 1232 1668 Salutem
1257 1632 1267 1649 ·
1291 1593 1418 1665 Sciant
1442 1589 1625 1684 presentes
1649 1599 1689 1661 et

350 1713 463 1782 futuri
486 1734 546 1781 me
571 1706 700 1781 dedisse
717 1721 755 1782 et
772 1704 971 1781 concessisse
988 1717 1026 1778 et
1049 1706 1116 1778 hac
1134 1705 1244 1778 Carta
1268 1728 1350 1777 mea
1375 1700 1595 1776 confirmasse
1621 1703 1688 1774 deo

350 1833 389 1894 et
413 1823 519 1894 beate
535 1823 646 1894 marie
663 1832 701 1893 et
718 1823 825 1893 beato
849 1821 1026 1895 «racherio
1044 1827 1082 1889 et
1100 1815 1274 1910 Episcopo
1290 1817 1434 1890 matheo
1452 1816 1497 1886 de
1514 1814 1689 1886 Aberdon

351 1943 466 2005 totam
483 1934 664 2006 baroniam
686 1956 805 2004 meam
827 1934 873 2003 de
893 1930 1054 2006 murthill
1076 1952 1159 2000 cum
1182 1929 1411 2022 pertinentiis
1434 1936 1474 1998 et
1494 1949 1578 1998 cum
1595 1948 1693 1998 com-

352 2047 452 2116 muni
476 2042 619 2139 pastura
635 2046 672 2114 in
690 2041 819 2116 foresta
842 2066 924 2114 mea
946 2043 991 2114 de
1012 2041 1184 2113 Aberden
1202 2079 1210 2096 ·
1228 2043 1280 2113 ita
1296 2049 1343 2110 vt·
1357 2038 1466 2111 liceat
1493 2035 1556 2111 fibi
1580 2061 1691 2109 vnum

351 2152 572 2228 forestarium
590 2157 635 2227 de
652 2166 806 2248 quatuor
828 2154 962 2226 ibidem
984 2149 1222 2228 residentibus
1247 2156 1393 2227 nomine
1411 2152 1474 2226 suo
1500 2154 1633 2249 eligere
1653 2164 1692 2226 et

352 2266 482 2339 babere
508 2271 544 2339 in
574 2289 700 2361 puram
727 2276 765 2338 et
793 2276 1005 2360 perpetuam
1035 2266 1219 2340 baroniam
1241 2287 1253 2338 s
1279 2266 1443 2339 faciendo
1473 2267 1558 2337 inde
1583 2267 1692 2337 michi

353 2379 535 2451 servitium
560 2390 599 2450 et
623 2380 864 2450 iuramentum
889 2376 1073 2449 fidelitatis
1099 2377 1189 2452 sieut
1211 2378 1271 2472 alij
1297 2379 1450 2450 barones
1476 2375 1596 2472 Regni
1620 2379 1692 2449 mei

354 2494 490 2564 faciunt
511 2529 520 2547 ·
544 2490 663 2562 Saluis
688 2486 753 2561 srbi
779 2491 955 2584 dignitate
981 2487 1171 2584 episcopali
1197 2500 1235 2562 et
1258 2490 1428 2563 libertate
1453 2489 1611 2562 clericali
1629 2529 1638 2548 ·
1655 2498 1694 2561 et

354 2613 480 2676 contra
501 2600 584 2675 istas
609 2603 794 2674 libertates
824 2602 908 2673 nolo
937 2600 1050 2695 ipsum
1077 2603 1135 2675 vel
1164 2597 1377 2675 successores
1404 2600 1485 2674 suos
1510 2603 1549 2673 in
1574 2601 1694 2694 aliquo

355 2738 547 2809 aggrauare
565 2755 573 2771 ·
590 2709 695 2785 Teste
711 2712 845 2808 meipso
862 2715 956 2807 apud
974 2712 1094 2785 Banf·
1112 2717 1171 2788 die
1188 2715 1328 2786 decima
1344 2717 1471 2807 quinta
1488 2715 1695 2785 nouembrie

356 2849 449 2896 anno
467 2826 584 2920 Regni
601 2826 672 2896 mei
690 2826 903 2898 vndecimo·

358 3158 467 3232 Carta
476 3159 587 3256 Regis
598 3159 777 3233 Willelmi
791 3162 1034 3235 confirmantis
1045 3162 1256 3233 donationes
1268 3163 1419 3256 prediRi
1431 3160 1553 3234 Dauid
1564 3159 1675 3257 Regis
1687 3201 1695 3218 ·

358 3358 581 3455 Willelmus
598 3385 656 3457 dei
673 3387 788 3479 gratia
804 3384 887 3456 Rex
905 3384 1114 3457 Scottorum
1131 3421 1139 3439 ·
1158 3384 1338 3456 Omnibus
1353 3385 1475 3479 probis
1491 3385 1698 3456 bominibus
1838 3404 1840 3409 ·

360 3496 473 3565 totius
498 3505 592 3568 terre
616 3494 676 3568 sue
702 3496 840 3569 clericis
865 3507 904 3567 et
928 3496 1027 3568 laicis
1049 3535 1058 3553 ·
1080 3495 1245 3568 Salutem
1267 3536 1276 3555 ·
1299 3497 1427 3570 Sciant
1451 3495 1636 3591 presentes
1660 3506 1700 3569 et

360 3604 473 3674 futuri
490 3627 548 3677 me
566 3604 695 3680 dedisse
716 3604 915 3680 concessisse
933 3617 971 3679 et
987 3606 1054 3679 hac
1071 3607 1181 3681 Carta
1205 3631 1287 3682 mea
1311 3605 1556 3682 confirmasse·
1574 3610 1643 3681 deo
1661 3619 1700 3681 et

360 3712 467 3784 beate
488 3720 599 3790 marie
616 3758 625 3775 ·
642 3731 680 3792 et
696 3722 803 3793 beato
820 3721 997 3795 machorio
1015 3758 1024 3776 ·
1042 3728 1079 3791 et
1098 3722 1239 3794 matheo
1257 3719 1432 3817 Episcopo
1450 3717 1699 3793 Aberdonensr

362 3831 504 3895 ·t0tam
529 3830 651 3902 villam
676 3833 721 3904 de
746 3835 860 3904 veteri
885 3831 1058 3904 Aberdon
1081 3872 1091 3889 ·
1113 3832 1298 3905 dimidiam
1323 3856 1452 3926 aquam
1478 3833 1524 3904 de
1550 3832 1700 3903 North·

362 3932 465 4026 Slaty
482 3972 490 3989 ·
508 3936 626 4013 Goule
648 3983 657 4001 ·
678 3946 849 4018 murcroft
869 3981 878 4000 ·
896 3942 1139 4038 Kynmonedy
1156 3982 1165 4001 ·
1182 3944 1445 4017 malmeulach·
1469 3943 1633 4018 Schiram
1657 3944 1702 4015 dc

362 4042 445 4115 Clat
469 4085 477 4101 ·
503 4046 664 4125 Schiram
689 4057 734 4127 de
758 4051 978 4151 Tulynestyn
1004 4095 1012 4112 ·
1041 4054 1204 4128 Schiram
1231 4055 1276 4126 de
1299 4054 1402 4127 Rana
1427 4094 1436 4111 ·
1462 4055 1626 4130 Schiram
1656 4055 1702 4127 de

363 4154 509 4247 Dauyot
526 4182 607 4232 cum
624 4170 851 4258 pertinentiis
868 4179 907 4240 et
924 4163 1081 4263 ecclefijs
1097 4205 1106 4224 ·
1124 4166 1300 4239 decimam
1317 4190 1448 4239 canum
1464 4169 1614 4240 nauium
1632 4190 1702 4261 que

364 4267 513 4338 veniunt
527 4276 620 4365 apud
634 4276 805 4353 Aberden
823 4321 832 4339 ·
850 4282 1027 4353 decimam
1044 4302 1186 4352 annone
1202 4279 1241 4349 in
1259 4278 1386 4349 eodem
1404 4279 1482 4352 loco
1496 4299 1509 4351 s
1525 4280 1703 4352 decimam

363 4400 480 4451 meam
499 4382 543 4453 dc
557 4388 753 4463 redditibus
766 4394 811 4465 de
824 4392 998 4465 Aberden
1010 4429 1019 4447 ·
1033 4392 1209 4464 decimam
1226 4389 1477 4486 thanagiorum
1494 4392 1704 4464 reddituum

363 4498 402 4561 et
418 4484 638 4573 eseaetarum
660 4523 719 4577 me
736 4505 1024 4601 contingentium
1049 4502 1144 4576 infra
1159 4502 1453 4576 vicecomitatum
1471 4504 1517 4576 de
1533 4502 1707 4577 Aberden
