<?xml version="1.0" encoding="UTF-8"?>
<!DOCTYPE html PUBLIC "-//W3C//DTD XHTML 1.0 Transitional//EN"
    "http://www.w3.org/TR/xhtml1/DTD/xhtml1-transitional.dtd">
<html xmlns="http://www.w3.org/1999/xhtml" xml:lang="en" lang="en">
 <head>
  <title>
</title>
<meta http-equiv="Content-Type" content="text/html;charset=utf-8" />
  <meta name='ocr-system' content='tesseract 3.04.00' />
  <meta name='ocr-capabilities' content='ocr_page ocr_carea ocr_par ocr_line ocrx_word'/>
</head>
<body>
  <div class='ocr_page' id='page_1' title='image "./registrumepisco01innegoog_0286.png"; bbox 0 0 4088 5430; ppageno 0'>
   <div class='ocr_carea' id='block_1_1' title="bbox 404 612 1740 710">
    <p class='ocr_par' dir='ltr' id='par_1_1' title="bbox 404 612 1740 710">
     <span class='ocr_line' id='line_1_1' title="bbox 404 612 1740 710; baseline -0.002 -20"><span class='ocrx_word' id='word_1_1' title='bbox 404 628 471 692; x_wconf 75' lang='lat'>148</span> <span class='ocrx_word' id='word_1_2' title='bbox 917 612 1222 688; x_wconf 87' lang='lat' dir='ltr'>REGISTRUM</span> <span class='ocrx_word' id='word_1_3' title='bbox 1588 614 1740 710; x_wconf 75' lang='lat' dir='ltr'>[sucum</span> 
     </span>
    </p>
   </div>
   <div class='ocr_carea' id='block_1_2' title="bbox 400 811 1743 1246">
    <p class='ocr_par' dir='ltr' id='par_1_2' title="bbox 400 811 1743 1246">
     <span class='ocr_line' id='line_1_2' title="bbox 401 811 1742 910; baseline -0.003 -19"><span class='ocrx_word' id='word_1_4' title='bbox 401 820 498 891; x_wconf 85' lang='lat' dir='ltr'><strong>Item</strong></span> <span class='ocrx_word' id='word_1_5' title='bbox 524 826 650 891; x_wconf 86' lang='lat' dir='ltr'>contra</span> <span class='ocrx_word' id='word_1_6' title='bbox 678 811 880 910; x_wconf 77' lang='lat' dir='ltr'>protensam</span> <span class='ocrx_word' id='word_1_7' title='bbox 909 813 1187 909; x_wconf 81' lang='lat' dir='ltr'>appellationem</span> <span class='ocrx_word' id='word_1_8' title='bbox 1209 812 1388 885; x_wconf 87' lang='lat' dir='ltr'>Willelmi</span> <span class='ocrx_word' id='word_1_9' title='bbox 1414 813 1459 884; x_wconf 86' lang='lat' dir='ltr'>de</span> <span class='ocrx_word' id='word_1_10' title='bbox 1484 812 1636 887; x_wconf 86' lang='lat' dir='ltr'>Camers</span> <span class='ocrx_word' id='word_1_11' title='bbox 1662 838 1742 908; x_wconf 90' lang='lat' dir='ltr'>pre-</span> 
     </span>
     <span class='ocr_line' id='line_1_3' title="bbox 401 921 1743 1004; baseline -0.003 -2"><span class='ocrx_word' id='word_1_12' title='bbox 401 931 586 1004; x_wconf 87' lang='lat' dir='ltr'>tendentis</span> <span class='ocrx_word' id='word_1_13' title='bbox 619 927 656 999; x_wconf 91' lang='lat' dir='ltr'>se</span> <span class='ocrx_word' id='word_1_14' title='bbox 689 937 912 998; x_wconf 89' lang='lat' dir='ltr'>attornatum</span> <span class='ocrx_word' id='word_1_15' title='bbox 941 926 1117 997; x_wconf 91' lang='lat' dir='ltr'>Johannis</span> <span class='ocrx_word' id='word_1_16' title='bbox 1147 924 1241 997; x_wconf 85' lang='lat' dir='ltr'>Crab</span> <span class='ocrx_word' id='word_1_17' title='bbox 1271 921 1453 997; x_wconf 86' lang='lat' dir='ltr'>asserentis</span> <span class='ocrx_word' id='word_1_18' title='bbox 1483 922 1519 997; x_wconf 92' lang='lat' dir='ltr'>se</span> <span class='ocrx_word' id='word_1_19' title='bbox 1552 937 1743 999; x_wconf 87' lang='lat' dir='ltr'>tenentem</span> 
     </span>
     <span class='ocr_line' id='line_1_4' title="bbox 400 1032 1742 1134; baseline -0.004 -18"><span class='ocrx_word' id='word_1_20' title='bbox 400 1039 549 1116; x_wconf 79' lang='lat' dir='ltr'>ecclesie</span> <span class='ocrx_word' id='word_1_21' title='bbox 567 1051 606 1112; x_wconf 92' lang='lat' dir='ltr'>et</span> <span class='ocrx_word' id='word_1_22' title='bbox 626 1036 780 1134; x_wconf 83' lang='lat' dir='ltr'>episcopi</span> <span class='ocrx_word' id='word_1_23' title='bbox 797 1032 1063 1109; x_wconf 87' lang='lat' dir='ltr'>Aberdoncnfis</span> <span class='ocrx_word' id='word_1_24' title='bbox 1082 1037 1127 1107; x_wconf 87' lang='lat' dir='ltr'>do</span> <span class='ocrx_word' id='word_1_25' title='bbox 1143 1037 1290 1109; x_wconf 90' lang='lat' dir='ltr'>baronia</span> <span class='ocrx_word' id='word_1_26' title='bbox 1307 1038 1352 1108; x_wconf 90' lang='lat' dir='ltr'>de</span> <span class='ocrx_word' id='word_1_27' title='bbox 1370 1036 1542 1109; x_wconf 89' lang='lat' dir='ltr'>Murthill</span> <span class='ocrx_word' id='word_1_28' title='bbox 1564 1064 1587 1111; x_wconf 89' lang='lat' dir='ltr'>a</span> <span class='ocrx_word' id='word_1_29' title='bbox 1608 1041 1742 1112; x_wconf 90' lang='lat' dir='ltr'>iudicio</span> 
     </span>
     <span class='ocr_line' id='line_1_5' title="bbox 401 1145 1743 1246; baseline -0.002 -19"><span class='ocrx_word' id='word_1_30' title='bbox 401 1159 440 1227; x_wconf 94' lang='lat' dir='ltr'>in</span> <span class='ocrx_word' id='word_1_31' title='bbox 457 1156 555 1227; x_wconf 84' lang='lat' dir='ltr'>ouria</span> <span class='ocrx_word' id='word_1_32' title='bbox 572 1152 708 1223; x_wconf 93' lang='lat' dir='ltr'>domini</span> <span class='ocrx_word' id='word_1_33' title='bbox 729 1148 882 1243; x_wconf 85' lang='lat' dir='ltr'>episcopi</span> <span class='ocrx_word' id='word_1_34' title='bbox 900 1145 1168 1221; x_wconf 83' lang='lat' dir='ltr'>Aberdonensrs</span> <span class='ocrx_word' id='word_1_35' title='bbox 1190 1159 1294 1221; x_wconf 90' lang='lat' dir='ltr'>tenta</span> <span class='ocrx_word' id='word_1_36' title='bbox 1313 1151 1408 1243; x_wconf 90' lang='lat' dir='ltr'>apud</span> <span class='ocrx_word' id='word_1_37' title='bbox 1424 1160 1586 1221; x_wconf 92' lang='lat' dir='ltr'>montem</span> <span class='ocrx_word' id='word_1_38' title='bbox 1603 1151 1743 1246; x_wconf 85' lang='lat' dir='ltr'>capelle</span> 
     </span>
    </p>
   </div>
   <div class='ocr_carea' id='block_1_3' title="bbox 400 1262 1748 4605">
    <p class='ocr_par' dir='ltr' id='par_1_3' title="bbox 400 1262 1744 2032">
     <span class='ocr_line' id='line_1_6' title="bbox 403 1262 1743 1339; baseline -0.003 0"><span class='ocrx_word' id='word_1_39' title='bbox 403 1269 500 1339; x_wconf 90' lang='lat' dir='ltr'>beati</span> <span class='ocrx_word' id='word_1_40' title='bbox 526 1266 663 1336; x_wconf 89' lang='lat' dir='ltr'>Thome</span> <span class='ocrx_word' id='word_1_41' title='bbox 680 1264 836 1335; x_wconf 85' lang='lat' dir='ltr'>martiris</span> <span class='ocrx_word' id='word_1_42' title='bbox 856 1265 961 1334; x_wconf 85' lang='lat' dir='ltr'>iuxta</span> <span class='ocrx_word' id='word_1_43' title='bbox 978 1265 1166 1334; x_wconf 90' lang='lat' dir='ltr'>canoniam</span> <span class='ocrx_word' id='word_1_44' title='bbox 1183 1262 1228 1332; x_wconf 90' lang='lat' dir='ltr'>de</span> <span class='ocrx_word' id='word_1_45' title='bbox 1246 1262 1419 1333; x_wconf 87' lang='lat' dir='ltr'>Aberdon</span> <span class='ocrx_word' id='word_1_46' title='bbox 1436 1263 1521 1333; x_wconf 92' lang='lat' dir='ltr'>dato</span> <span class='ocrx_word' id='word_1_47' title='bbox 1539 1262 1666 1334; x_wconf 87' lang='lat' dir='ltr'>vltimo</span> <span class='ocrx_word' id='word_1_48' title='bbox 1684 1265 1743 1335; x_wconf 88' lang='lat' dir='ltr'>die</span> 
     </span>
     <span class='ocr_line' id='line_1_7' title="bbox 400 1369 1743 1470; baseline -0.004 -20"><span class='ocrx_word' id='word_1_49' title='bbox 400 1374 534 1451; x_wconf 79' lang='lat' dir='ltr'>mensis</span> <span class='ocrx_word' id='word_1_50' title='bbox 547 1377 568 1449; x_wconf 88' lang='lat' dir='ltr'>J</span> <span class='ocrx_word' id='word_1_51' title='bbox 573 1376 636 1470; x_wconf 91' lang='lat' dir='ltr'>ulij</span> <span class='ocrx_word' id='word_1_52' title='bbox 650 1399 744 1447; x_wconf 89' lang='lat' dir='ltr'>anno</span> <span class='ocrx_word' id='word_1_53' title='bbox 757 1374 905 1445; x_wconf 89' lang='lat' dir='ltr'>Domini</span> <span class='ocrx_word' id='word_1_54' title='bbox 923 1370 1111 1446; x_wconf 79' lang='lat' dir='ltr'>millesimo</span> <span class='ocrx_word' id='word_1_55' title='bbox 1125 1369 1375 1445; x_wconf 79' lang='lat' dir='ltr'>trecentesimo</span> <span class='ocrx_word' id='word_1_56' title='bbox 1393 1370 1606 1469; x_wconf 74' lang='lat' dir='ltr'>o&amp;ogesrmo</span> <span class='ocrx_word' id='word_1_57' title='bbox 1619 1372 1743 1446; x_wconf 90' lang='lat' dir='ltr'>secun·</span> 
     </span>
     <span class='ocr_line' id='line_1_8' title="bbox 404 1483 1744 1579; baseline -0.004 -16"><span class='ocrx_word' id='word_1_58' title='bbox 404 1494 450 1563; x_wconf 83' lang='lat' dir='ltr'>oo</span> <span class='ocrx_word' id='word_1_59' title='bbox 476 1500 602 1563; x_wconf 86' lang='lat' dir='ltr'>contra</span> <span class='ocrx_word' id='word_1_60' title='bbox 629 1489 653 1560; x_wconf 92' lang='lat' dir='ltr'><strong>J</strong></span> <span class='ocrx_word' id='word_1_61' title='bbox 656 1489 833 1559; x_wconf 89' lang='lat' dir='ltr'>ohannem</span> <span class='ocrx_word' id='word_1_62' title='bbox 860 1486 955 1559; x_wconf 86' lang='lat' dir='ltr'>Crab</span> <span class='ocrx_word' id='word_1_63' title='bbox 980 1487 1179 1579; x_wconf 76' lang='lat' dir='ltr'>predictum</span> <span class='ocrx_word' id='word_1_64' title='bbox 1205 1483 1311 1579; x_wconf 92' lang='lat' dir='ltr'>super</span> <span class='ocrx_word' id='word_1_65' title='bbox 1336 1483 1412 1579; x_wconf 88' lang='lat' dir='ltr'>ipsa</span> <span class='ocrx_word' id='word_1_66' title='bbox 1437 1487 1586 1558; x_wconf 87' lang='lat' dir='ltr'>baronia</span> <span class='ocrx_word' id='word_1_67' title='bbox 1612 1488 1744 1559; x_wconf 90' lang='lat' dir='ltr'>dicitur</span> 
     </span>
     <span class='ocr_line' id='line_1_9' title="bbox 404 1593 1743 1696; baseline -0.001 -22"><span class='ocrx_word' id='word_1_68' title='bbox 404 1605 499 1696; x_wconf 90' lang='lat' dir='ltr'>quod</span> <span class='ocrx_word' id='word_1_69' title='bbox 523 1601 596 1696; x_wconf 88' lang='lat' dir='ltr'>ipsa</span> <span class='ocrx_word' id='word_1_70' title='bbox 612 1598 806 1694; x_wconf 86' lang='lat' dir='ltr'>appellatio</span> <span class='ocrx_word' id='word_1_71' title='bbox 824 1595 877 1669; x_wconf 87' lang='lat' dir='ltr'>est</span> <span class='ocrx_word' id='word_1_72' title='bbox 894 1598 994 1669; x_wconf 87' lang='lat' dir='ltr'>nulla</span> <span class='ocrx_word' id='word_1_73' title='bbox 1010 1602 1045 1675; x_wconf 91' lang='lat' dir='ltr'>in</span> <span class='ocrx_word' id='word_1_74' title='bbox 1065 1597 1101 1668; x_wconf 88' lang='lat' dir='ltr'>sc</span> <span class='ocrx_word' id='word_1_75' title='bbox 1118 1593 1338 1670; x_wconf 85' lang='lat' dir='ltr'>frustratoria</span> <span class='ocrx_word' id='word_1_76' title='bbox 1355 1608 1393 1668; x_wconf 91' lang='lat' dir='ltr'>et</span> <span class='ocrx_word' id='word_1_77' title='bbox 1410 1598 1539 1670; x_wconf 86' lang='lat' dir='ltr'>friuola</span> <span class='ocrx_word' id='word_1_78' title='bbox 1554 1597 1743 1672; x_wconf 85' lang='lat' dir='ltr'>manifeste</span> 
     </span>
     <span class='ocr_line' id='line_1_10' title="bbox 404 1710 1744 1807; baseline -0.003 -20"><span class='ocrx_word' id='word_1_79' title='bbox 404 1729 442 1787; x_wconf 88' lang='lat' dir='ltr'>et</span> <span class='ocrx_word' id='word_1_80' title='bbox 466 1715 570 1787; x_wconf 88' lang='lat' dir='ltr'>causa</span> <span class='ocrx_word' id='word_1_81' title='bbox 586 1713 724 1807; x_wconf 84' lang='lat' dir='ltr'>diffugij</span> <span class='ocrx_word' id='word_1_82' title='bbox 743 1712 836 1782; x_wconf 78' lang='lat' dir='ltr'>satta</span> <span class='ocrx_word' id='word_1_83' title='bbox 856 1712 962 1783; x_wconf 91' lang='lat' dir='ltr'>nimis</span> <span class='ocrx_word' id='word_1_84' title='bbox 987 1710 1164 1806; x_wconf 89' lang='lat' dir='ltr'>generalis</span> <span class='ocrx_word' id='word_1_85' title='bbox 1181 1719 1219 1780; x_wconf 89' lang='lat' dir='ltr'>et</span> <span class='ocrx_word' id='word_1_86' title='bbox 1237 1732 1327 1805; x_wconf 85' lang='lat' dir='ltr'>vaga</span> <span class='ocrx_word' id='word_1_87' title='bbox 1343 1710 1465 1781; x_wconf 91' lang='lat' dir='ltr'>debito</span> <span class='ocrx_word' id='word_1_88' title='bbox 1482 1719 1647 1805; x_wconf 91' lang='lat' dir='ltr'>tempore</span> <span class='ocrx_word' id='word_1_89' title='bbox 1671 1734 1744 1783; x_wconf 90' lang='lat' dir='ltr'>non</span> 
     </span>
     <span class='ocr_line' id='line_1_11' title="bbox 404 1821 1742 1921; baseline -0.003 -22"><span class='ocrx_word' id='word_1_90' title='bbox 404 1824 613 1921; x_wconf 84' lang='lat' dir='ltr'>interposita</span> <span class='ocrx_word' id='word_1_91' title='bbox 629 1848 696 1895; x_wconf 90' lang='lat' dir='ltr'>nec</span> <span class='ocrx_word' id='word_1_92' title='bbox 713 1846 777 1917; x_wconf 90' lang='lat' dir='ltr'>per</span> <span class='ocrx_word' id='word_1_93' title='bbox 794 1845 878 1894; x_wconf 90' lang='lat' dir='ltr'>eum</span> <span class='ocrx_word' id='word_1_94' title='bbox 892 1825 952 1914; x_wconf 92' lang='lat' dir='ltr'>qni</span> <span class='ocrx_word' id='word_1_95' title='bbox 969 1821 1149 1917; x_wconf 87' lang='lat' dir='ltr'>appellare</span> <span class='ocrx_word' id='word_1_96' title='bbox 1165 1825 1285 1914; x_wconf 92' lang='lat' dir='ltr'>potuit</span> <span class='ocrx_word' id='word_1_97' title='bbox 1302 1831 1340 1893; x_wconf 88' lang='lat' dir='ltr'>ct</span> <span class='ocrx_word' id='word_1_98' title='bbox 1357 1821 1444 1893; x_wconf 91' lang='lat' dir='ltr'>alias</span> <span class='ocrx_word' id='word_1_99' title='bbox 1460 1822 1544 1894; x_wconf 87' lang='lat' dir='ltr'>talis</span> <span class='ocrx_word' id='word_1_100' title='bbox 1557 1825 1652 1916; x_wconf 90' lang='lat' dir='ltr'>qnod</span> <span class='ocrx_word' id='word_1_101' title='bbox 1669 1847 1742 1895; x_wconf 90' lang='lat' dir='ltr'>non</span> 
     </span>
     <span class='ocr_line' id='line_1_12' title="bbox 404 1930 1626 2032; baseline -0.004 -21"><span class='ocrx_word' id='word_1_102' title='bbox 404 1936 457 2011; x_wconf 85' lang='lat' dir='ltr'>est</span> <span class='ocrx_word' id='word_1_103' title='bbox 474 1938 678 2032; x_wconf 90' lang='lat' dir='ltr'>recipienda</span> <span class='ocrx_word' id='word_1_104' title='bbox 694 1960 716 2006; x_wconf 92' lang='lat' dir='ltr'>a</span> <span class='ocrx_word' id='word_1_105' title='bbox 731 1937 849 2006; x_wconf 90' lang='lat' dir='ltr'>iudice</span> <span class='ocrx_word' id='word_1_106' title='bbox 866 1933 1046 2029; x_wconf 88' lang='lat' dir='ltr'>superiore</span> <span class='ocrx_word' id='word_1_107' title='bbox 1063 1930 1154 2006; x_wconf 90' lang='lat' dir='ltr'>ficut</span> <span class='ocrx_word' id='word_1_108' title='bbox 1172 1935 1318 2005; x_wconf 86' lang='lat' dir='ltr'>inferius</span> <span class='ocrx_word' id='word_1_109' title='bbox 1336 1934 1443 2006; x_wconf 91' lang='lat' dir='ltr'>latins</span> <span class='ocrx_word' id='word_1_110' title='bbox 1461 1936 1626 2006; x_wconf 87' lang='lat' dir='ltr'>dicetur·</span> 
     </span>
    </p>

    <p class='ocr_par' dir='ltr' id='par_1_4' title="bbox 403 2043 1744 2368">
     <span class='ocr_line' id='line_1_13' title="bbox 404 2043 1744 2143; baseline -0.002 -20"><span class='ocrx_word' id='word_1_111' title='bbox 404 2052 501 2123; x_wconf 87' lang='lat' dir='ltr'>Item</span> <span class='ocrx_word' id='word_1_112' title='bbox 518 2051 614 2143; x_wconf 90' lang='lat' dir='ltr'>quod</span> <span class='ocrx_word' id='word_1_113' title='bbox 631 2050 788 2120; x_wconf 89' lang='lat' dir='ltr'>rationes</span> <span class='ocrx_word' id='word_1_114' title='bbox 811 2043 976 2140; x_wconf 87' lang='lat' dir='ltr'>protense</span> <span class='ocrx_word' id='word_1_115' title='bbox 993 2047 1077 2118; x_wconf 90' lang='lat' dir='ltr'>date</span> <span class='ocrx_word' id='word_1_116' title='bbox 1096 2046 1141 2117; x_wconf 86' lang='lat' dir='ltr'>de</span> <span class='ocrx_word' id='word_1_117' title='bbox 1158 2043 1234 2139; x_wconf 85' lang='lat' dir='ltr'>ipsa</span> <span class='ocrx_word' id='word_1_118' title='bbox 1250 2046 1492 2140; x_wconf 88' lang='lat' dir='ltr'>appellatione</span> <span class='ocrx_word' id='word_1_119' title='bbox 1510 2057 1548 2118; x_wconf 91' lang='lat' dir='ltr'>et</span> <span class='ocrx_word' id='word_1_120' title='bbox 1565 2047 1635 2119; x_wconf 90' lang='lat' dir='ltr'>alie</span> <span class='ocrx_word' id='word_1_121' title='bbox 1651 2048 1744 2120; x_wconf 77' lang='lat' dir='ltr'>fatte</span> 
     </span>
     <span class='ocr_line' id='line_1_14' title="bbox 403 2154 1744 2257; baseline -0.004 -22"><span class='ocrx_word' id='word_1_122' title='bbox 403 2165 448 2235; x_wconf 88' lang='lat' dir='ltr'>ad</span> <span class='ocrx_word' id='word_1_123' title='bbox 470 2160 577 2257; x_wconf 90' lang='lat' dir='ltr'>ipfius</span> <span class='ocrx_word' id='word_1_124' title='bbox 594 2158 882 2232; x_wconf 85' lang='lat' dir='ltr'>iustificationem</span> <span class='ocrx_word' id='word_1_125' title='bbox 899 2154 983 2229; x_wconf 92' lang='lat' dir='ltr'>sunt</span> <span class='ocrx_word' id='word_1_126' title='bbox 1000 2158 1159 2230; x_wconf 87' lang='lat' dir='ltr'>inualide</span> <span class='ocrx_word' id='word_1_127' title='bbox 1177 2167 1215 2229; x_wconf 86' lang='lat' dir='ltr'>et</span> <span class='ocrx_word' id='word_1_128' title='bbox 1232 2158 1431 2230; x_wconf 86' lang='lat' dir='ltr'>inefficaces</span> <span class='ocrx_word' id='word_1_129' title='bbox 1449 2181 1519 2251; x_wconf 88' lang='lat' dir='ltr'>quc</span> <span class='ocrx_word' id='word_1_130' title='bbox 1536 2181 1604 2231; x_wconf 90' lang='lat' dir='ltr'>neo</span> <span class='ocrx_word' id='word_1_131' title='bbox 1620 2155 1744 2230; x_wconf 86' lang='lat' dir='ltr'>iustili-</span> 
     </span>
     <span class='ocr_line' id='line_1_15' title="bbox 404 2268 1337 2368; baseline -0.009 -21"><span class='ocrx_word' id='word_1_132' title='bbox 404 2288 489 2348; x_wconf 91' lang='lat' dir='ltr'>cant</span> <span class='ocrx_word' id='word_1_133' title='bbox 506 2274 785 2368; x_wconf 88' lang='lat' dir='ltr'>appellationem</span> <span class='ocrx_word' id='word_1_134' title='bbox 802 2293 870 2342; x_wconf 90' lang='lat' dir='ltr'>neo</span> <span class='ocrx_word' id='word_1_135' title='bbox 887 2270 1049 2341; x_wconf 86' lang='lat' dir='ltr'>relevant</span> <span class='ocrx_word' id='word_1_136' title='bbox 1067 2268 1310 2364; x_wconf 90' lang='lat' dir='ltr'>appellantem</span> <span class='ocrx_word' id='word_1_137' title='bbox 1329 2310 1337 2326; x_wconf 92' lang='lat'><strong>·</strong></span> 
     </span>
    </p>

    <p class='ocr_par' dir='ltr' id='par_1_5' title="bbox 403 2379 1746 2817">
     <span class='ocr_line' id='line_1_16' title="bbox 405 2379 1746 2479; baseline -0.001 -22"><span class='ocrx_word' id='word_1_138' title='bbox 405 2389 500 2458; x_wconf 90' lang='lat' dir='ltr'>Item</span> <span class='ocrx_word' id='word_1_139' title='bbox 529 2389 613 2479; x_wconf 87' lang='lat' dir='ltr'>quia</span> <span class='ocrx_word' id='word_1_140' title='bbox 642 2379 851 2477; x_wconf 80' lang='lat' dir='ltr'>interposita</span> <span class='ocrx_word' id='word_1_141' title='bbox 880 2379 932 2452; x_wconf 90' lang='lat' dir='ltr'>est</span> <span class='ocrx_word' id='word_1_142' title='bbox 962 2392 1088 2454; x_wconf 92' lang='lat' dir='ltr'>contra</span> <span class='ocrx_word' id='word_1_143' title='bbox 1117 2383 1172 2452; x_wconf 91' lang='lat' dir='ltr'>ius</span> <span class='ocrx_word' id='word_1_144' title='bbox 1201 2379 1372 2475; x_wconf 90' lang='lat' dir='ltr'>scriptum</span> <span class='ocrx_word' id='word_1_145' title='bbox 1402 2379 1539 2453; x_wconf 89' lang='lat' dir='ltr'>scilicet</span> <span class='ocrx_word' id='word_1_146' title='bbox 1568 2406 1615 2454; x_wconf 89' lang='lat' dir='ltr'>no</span> <span class='ocrx_word' id='word_1_147' title='bbox 1642 2381 1746 2456; x_wconf 87' lang='lat' dir='ltr'>causa</span> 
     </span>
     <span class='ocr_line' id='line_1_17' title="bbox 404 2491 1744 2585; baseline -0.002 -15"><span class='ocrx_word' id='word_1_148' title='bbox 404 2502 499 2572; x_wconf 90' lang='lat' dir='ltr'>t&#39;eodi</span> <span class='ocrx_word' id='word_1_149' title='bbox 518 2502 554 2569; x_wconf 94' lang='lat' dir='ltr'>in</span> <span class='ocrx_word' id='word_1_150' title='bbox 573 2500 672 2569; x_wconf 87' lang='lat' dir='ltr'>curia</span> <span class='ocrx_word' id='word_1_151' title='bbox 697 2496 832 2569; x_wconf 92' lang='lat' dir='ltr'>domini</span> <span class='ocrx_word' id='word_1_152' title='bbox 858 2497 1074 2565; x_wconf 87' lang='lat' dir='ltr'>terminetur</span> <span class='ocrx_word' id='word_1_153' title='bbox 1091 2503 1129 2564; x_wconf 92' lang='lat' dir='ltr'>et</span> <span class='ocrx_word' id='word_1_154' title='bbox 1147 2516 1193 2564; x_wconf 91' lang='lat' dir='ltr'>ne</span> <span class='ocrx_word' id='word_1_155' title='bbox 1211 2493 1275 2564; x_wconf 87' lang='lat' dir='ltr'>fiat</span> <span class='ocrx_word' id='word_1_156' title='bbox 1291 2494 1387 2585; x_wconf 90' lang='lat' dir='ltr'>quod</span> <span class='ocrx_word' id='word_1_157' title='bbox 1412 2491 1643 2566; x_wconf 68' lang='lat' dir='ltr'>iurisdiffioni</span> <span class='ocrx_word' id='word_1_158' title='bbox 1668 2497 1744 2567; x_wconf 87' lang='lat' dir='ltr'>fieri</span> 
     </span>
     <span class='ocr_line' id='line_1_18' title="bbox 404 2602 1744 2700; baseline -0.002 -17"><span class='ocrx_word' id='word_1_159' title='bbox 404 2614 514 2683; x_wconf 85' lang='lat' dir='ltr'>debet</span> <span class='ocrx_word' id='word_1_160' title='bbox 548 2610 609 2681; x_wconf 89' lang='lat' dir='ltr'>seu</span> <span class='ocrx_word' id='word_1_161' title='bbox 639 2609 734 2700; x_wconf 91' lang='lat' dir='ltr'>quod</span> <span class='ocrx_word' id='word_1_162' title='bbox 769 2609 885 2678; x_wconf 76' lang='lat' dir='ltr'>editto</span> <span class='ocrx_word' id='word_1_163' title='bbox 919 2615 1094 2700; x_wconf 87' lang='lat' dir='ltr'>perpetuo</span> <span class='ocrx_word' id='word_1_164' title='bbox 1128 2606 1337 2676; x_wconf 82' lang='lat' dir='ltr'>continetur</span> <span class='ocrx_word' id='word_1_165' title='bbox 1366 2602 1457 2676; x_wconf 90' lang='lat' dir='ltr'>ficut</span> <span class='ocrx_word' id='word_1_166' title='bbox 1491 2629 1557 2700; x_wconf 92' lang='lat' dir='ltr'>per</span> <span class='ocrx_word' id='word_1_167' title='bbox 1588 2609 1744 2680; x_wconf 88' lang='lat' dir='ltr'>rationes</span> 
     </span>
     <span class='ocr_line' id='line_1_19' title="bbox 403 2720 854 2817; baseline -0.016 -21"><span class='ocrx_word' id='word_1_168' title='bbox 403 2723 594 2817; x_wconf 87' lang='lat' dir='ltr'>sequentes</span> <span class='ocrx_word' id='word_1_169' title='bbox 613 2720 709 2793; x_wconf 88' lang='lat' dir='ltr'>clarc</span> <span class='ocrx_word' id='word_1_170' title='bbox 727 2729 829 2813; x_wconf 89' lang='lat' dir='ltr'>patet</span> <span class='ocrx_word' id='word_1_171' title='bbox 846 2758 854 2773; x_wconf 91' lang='lat'><strong>·</strong></span> 
     </span>
    </p>

    <p class='ocr_par' dir='ltr' id='par_1_6' title="bbox 405 2828 1747 3823">
     <span class='ocr_line' id='line_1_20' title="bbox 405 2828 1744 2925; baseline -0.005 -17"><span class='ocrx_word' id='word_1_172' title='bbox 405 2838 467 2908; x_wconf 87' lang='lat' dir='ltr'>Ad</span> <span class='ocrx_word' id='word_1_173' title='bbox 495 2837 652 2907; x_wconf 89' lang='lat' dir='ltr'>rationes</span> <span class='ocrx_word' id='word_1_174' title='bbox 682 2834 783 2904; x_wconf 80' lang='lat' dir='ltr'>(lotas</span> <span class='ocrx_word' id='word_1_175' title='bbox 810 2833 847 2901; x_wconf 91' lang='lat' dir='ltr'>in</span> <span class='ocrx_word' id='word_1_176' title='bbox 875 2829 1116 2924; x_wconf 86' lang='lat' dir='ltr'>appellatione</span> <span class='ocrx_word' id='word_1_177' title='bbox 1144 2830 1254 2900; x_wconf 90' lang='lat' dir='ltr'>etad</span> <span class='ocrx_word' id='word_1_178' title='bbox 1282 2828 1369 2901; x_wconf 90' lang='lat' dir='ltr'>alias</span> <span class='ocrx_word' id='word_1_179' title='bbox 1398 2831 1500 2902; x_wconf 91' lang='lat' dir='ltr'>datas</span> <span class='ocrx_word' id='word_1_180' title='bbox 1530 2832 1576 2902; x_wconf 88' lang='lat' dir='ltr'>ad</span> <span class='ocrx_word' id='word_1_181' title='bbox 1604 2841 1744 2925; x_wconf 90' lang='lat' dir='ltr'>partem</span> 
     </span>
     <span class='ocr_line' id='line_1_21' title="bbox 406 2937 1746 3036; baseline -0.003 -17"><span class='ocrx_word' id='word_1_182' title='bbox 406 2947 668 3019; x_wconf 87' lang='lat' dir='ltr'>locumtenenti</span> <span class='ocrx_word' id='word_1_183' title='bbox 681 2945 902 3016; x_wconf 89' lang='lat' dir='ltr'>vicecomitis</span> <span class='ocrx_word' id='word_1_184' title='bbox 912 2939 1147 3036; x_wconf 87' lang='lat' dir='ltr'>respondetur</span> <span class='ocrx_word' id='word_1_185' title='bbox 1156 2937 1294 3012; x_wconf 63' lang='lat' dir='ltr'>fiand</span> <span class='ocrx_word' id='word_1_186' title='bbox 1305 2943 1456 3035; x_wconf 91' lang='lat' dir='ltr'>primam</span> <span class='ocrx_word' id='word_1_187' title='bbox 1468 2944 1746 3035; x_wconf 90' lang='lat' dir='ltr'>quandodicitur</span> 
     </span>
     <span class='ocr_line' id='line_1_22' title="bbox 406 3050 1745 3152; baseline -0.002 -22"><span class='ocrx_word' id='word_1_188' title='bbox 406 3061 501 3152; x_wconf 93' lang='lat' dir='ltr'>quod</span> <span class='ocrx_word' id='word_1_189' title='bbox 518 3058 605 3129; x_wconf 80' lang='lat' dir='ltr'>Tres</span> <span class='ocrx_word' id='word_1_190' title='bbox 622 3054 770 3151; x_wconf 85' lang='lat' dir='ltr'>persone</span> <span class='ocrx_word' id='word_1_191' title='bbox 787 3066 846 3126; x_wconf 90' lang='lat' dir='ltr'>eto</span> <span class='ocrx_word' id='word_1_192' title='bbox 864 3093 872 3109; x_wconf 96' lang='lat'><strong>·</strong></span> <span class='ocrx_word' id='word_1_193' title='bbox 889 3050 1122 3148; x_wconf 89' lang='lat' dir='ltr'>respondetur</span> <span class='ocrx_word' id='word_1_194' title='bbox 1138 3054 1234 3145; x_wconf 90' lang='lat' dir='ltr'>quod</span> <span class='ocrx_word' id='word_1_195' title='bbox 1257 3053 1317 3123; x_wconf 89' lang='lat' dir='ltr'>hic</span> <span class='ocrx_word' id='word_1_196' title='bbox 1334 3054 1481 3125; x_wconf 88' lang='lat' dir='ltr'>suerunt</span> <span class='ocrx_word' id='word_1_197' title='bbox 1506 3064 1580 3126; x_wconf 89' lang='lat' dir='ltr'>tres</span> <span class='ocrx_word' id='word_1_198' title='bbox 1597 3052 1745 3149; x_wconf 89' lang='lat' dir='ltr'>persone</span> 
     </span>
     <span class='ocr_line' id='line_1_23' title="bbox 406 3164 1746 3259; baseline -0.003 -16"><span class='ocrx_word' id='word_1_199' title='bbox 406 3171 541 3243; x_wconf 87' lang='lat' dir='ltr'>scilicet</span> <span class='ocrx_word' id='word_1_200' title='bbox 567 3171 666 3240; x_wconf 93' lang='lat' dir='ltr'>curia</span> <span class='ocrx_word' id='word_1_201' title='bbox 690 3168 853 3238; x_wconf 84' lang='lat' dir='ltr'>iudicans</span> <span class='ocrx_word' id='word_1_202' title='bbox 878 3165 1083 3259; x_wconf 90' lang='lat' dir='ltr'>prolocutor</span> <span class='ocrx_word' id='word_1_203' title='bbox 1108 3166 1243 3235; x_wconf 87' lang='lat' dir='ltr'>domini</span> <span class='ocrx_word' id='word_1_204' title='bbox 1270 3164 1485 3257; x_wconf 87' lang='lat' dir='ltr'>prosequens</span> <span class='ocrx_word' id='word_1_205' title='bbox 1506 3176 1544 3237; x_wconf 88' lang='lat' dir='ltr'>et</span> <span class='ocrx_word' id='word_1_206' title='bbox 1560 3166 1746 3240; x_wconf 73' lang='lat' dir='ltr'>lohannes</span> 
     </span>
     <span class='ocr_line' id='line_1_24' title="bbox 406 3275 1744 3370; baseline 0.003 -20"><span class='ocrx_word' id='word_1_207' title='bbox 406 3284 604 3354; x_wconf 83' lang='lat' dir='ltr'>defendens</span> <span class='ocrx_word' id='word_1_208' title='bbox 627 3291 665 3351; x_wconf 91' lang='lat' dir='ltr'>et</span> <span class='ocrx_word' id='word_1_209' title='bbox 683 3275 731 3351; x_wconf 79' lang='lat' dir='ltr'>sic</span> <span class='ocrx_word' id='word_1_210' title='bbox 747 3278 965 3350; x_wconf 87' lang='lat' dir='ltr'>sufficienter</span> <span class='ocrx_word' id='word_1_211' title='bbox 987 3277 1179 3348; x_wconf 85' lang='lat' dir='ltr'>fundatum</span> <span class='ocrx_word' id='word_1_212' title='bbox 1204 3278 1378 3347; x_wconf 90' lang='lat' dir='ltr'>iudicium</span> <span class='ocrx_word' id='word_1_213' title='bbox 1397 3317 1406 3334; x_wconf 92' lang='lat'><strong>·</strong></span> <span class='ocrx_word' id='word_1_214' title='bbox 1423 3302 1488 3370; x_wconf 93' lang='lat' dir='ltr'>pro</span> <span class='ocrx_word' id='word_1_215' title='bbox 1513 3279 1582 3351; x_wconf 85' lang='lat' dir='ltr'>lroo</span> <span class='ocrx_word' id='word_1_216' title='bbox 1599 3280 1685 3351; x_wconf 87' lang='lat' dir='ltr'>sacit</span> <span class='ocrx_word' id='word_1_217' title='bbox 1704 3279 1744 3354; x_wconf 81' lang='lat' dir='ltr'>C.</span> 
     </span>
     <span class='ocr_line' id='line_1_25' title="bbox 408 3384 1746 3487; baseline -0.003 -21"><span class='ocrx_word' id='word_1_218' title='bbox 408 3394 558 3485; x_wconf 78' lang='lat' dir='ltr'>Qualiter</span> <span class='ocrx_word' id='word_1_219' title='bbox 574 3402 607 3465; x_wconf 84' lang='lat' dir='ltr'>ct</span> <span class='ocrx_word' id='word_1_220' title='bbox 623 3390 756 3487; x_wconf 78' lang='lat' dir='ltr'>quando</span> <span class='ocrx_word' id='word_1_221' title='bbox 774 3432 782 3447; x_wconf 90' lang='lat'><strong>·</strong></span> <span class='ocrx_word' id='word_1_222' title='bbox 800 3414 844 3460; x_wconf 83' lang='lat' dir='ltr'>a·</span> <span class='ocrx_word' id='word_1_223' title='bbox 865 3390 914 3459; x_wconf 90' lang='lat' dir='ltr'>ibi</span> <span class='ocrx_word' id='word_1_224' title='bbox 932 3412 1004 3459; x_wconf 91' lang='lat' dir='ltr'>non</span> <span class='ocrx_word' id='word_1_225' title='bbox 1025 3398 1195 3479; x_wconf 89' lang='lat' dir='ltr'>tanquam</span> <span class='ocrx_word' id='word_1_226' title='bbox 1215 3389 1309 3458; x_wconf 86' lang='lat' dir='ltr'>idem</span> <span class='ocrx_word' id='word_1_227' title='bbox 1328 3384 1373 3459; x_wconf 86' lang='lat' dir='ltr'>srt</span> <span class='ocrx_word' id='word_1_228' title='bbox 1390 3392 1489 3460; x_wconf 62' lang='lat' dir='ltr'>attor</span> <span class='ocrx_word' id='word_1_229' title='bbox 1505 3400 1542 3461; x_wconf 90' lang='lat' dir='ltr'>et</span> <span class='ocrx_word' id='word_1_230' title='bbox 1559 3391 1669 3462; x_wconf 87' lang='lat' dir='ltr'>iudex</span> <span class='ocrx_word' id='word_1_231' title='bbox 1686 3390 1746 3463; x_wconf 86' lang='lat' dir='ltr'>sed</span> 
     </span>
     <span class='ocr_line' id='line_1_26' title="bbox 406 3499 1746 3600; baseline -0.004 -21"><span class='ocrx_word' id='word_1_232' title='bbox 406 3505 503 3600; x_wconf 79' lang='lat' dir='ltr'>quasi</span> <span class='ocrx_word' id='word_1_233' title='bbox 522 3505 763 3577; x_wconf 90' lang='lat' dir='ltr'>denunciante</span> <span class='ocrx_word' id='word_1_234' title='bbox 789 3503 885 3573; x_wconf 87' lang='lat' dir='ltr'>fama</span> <span class='ocrx_word' id='word_1_235' title='bbox 900 3501 958 3571; x_wconf 88' lang='lat' dir='ltr'>vel</span> <span class='ocrx_word' id='word_1_236' title='bbox 985 3500 1171 3570; x_wconf 88' lang='lat' dir='ltr'>deferente</span> <span class='ocrx_word' id='word_1_237' title='bbox 1196 3500 1351 3572; x_wconf 88' lang='lat' dir='ltr'>clamore</span> <span class='ocrx_word' id='word_1_238' title='bbox 1372 3502 1476 3595; x_wconf 90' lang='lat' dir='ltr'>officij</span> <span class='ocrx_word' id='word_1_239' title='bbox 1504 3499 1557 3573; x_wconf 92' lang='lat' dir='ltr'>sui</span> <span class='ocrx_word' id='word_1_240' title='bbox 1582 3504 1746 3574; x_wconf 90' lang='lat' dir='ltr'>debitum</span> 
     </span>
     <span class='ocr_line' id='line_1_27' title="bbox 407 3607 1747 3712; baseline -0.003 -22"><span class='ocrx_word' id='word_1_241' title='bbox 407 3620 599 3712; x_wconf 81' lang='lat' dir='ltr'>exequitur</span> <span class='ocrx_word' id='word_1_242' title='bbox 624 3626 663 3687; x_wconf 89' lang='lat' dir='ltr'>et</span> <span class='ocrx_word' id='word_1_243' title='bbox 688 3614 762 3687; x_wconf 88' lang='lat' dir='ltr'>tale</span> <span class='ocrx_word' id='word_1_244' title='bbox 786 3615 958 3685; x_wconf 87' lang='lat' dir='ltr'>iudicium</span> <span class='ocrx_word' id='word_1_245' title='bbox 984 3607 1036 3682; x_wconf 88' lang='lat' dir='ltr'>est</span> <span class='ocrx_word' id='word_1_246' title='bbox 1061 3613 1252 3683; x_wconf 88' lang='lat' dir='ltr'>fundatum</span> <span class='ocrx_word' id='word_1_247' title='bbox 1278 3637 1324 3683; x_wconf 86' lang='lat' dir='ltr'>ex</span> <span class='ocrx_word' id='word_1_248' title='bbox 1343 3612 1533 3686; x_wconf 78' lang='lat' dir='ltr'>uniuersali</span> <span class='ocrx_word' id='word_1_249' title='bbox 1559 3614 1747 3687; x_wconf 87' lang='lat' dir='ltr'>consuetu·</span> 
     </span>
     <span class='ocr_line' id='line_1_28' title="bbox 406 3730 634 3823; baseline -0.013 -22"><span class='ocrx_word' id='word_1_250' title='bbox 406 3733 490 3801; x_wconf 87' lang='lat' dir='ltr'>dine</span> <span class='ocrx_word' id='word_1_251' title='bbox 507 3730 634 3823; x_wconf 85' lang='lat' dir='ltr'>regni·</span> 
     </span>
    </p>

    <p class='ocr_par' dir='ltr' id='par_1_7' title="bbox 406 3835 1748 4605">
     <span class='ocr_line' id='line_1_29' title="bbox 406 3835 1747 3933; baseline -0.001 -21"><span class='ocrx_word' id='word_1_252' title='bbox 406 3842 468 3913; x_wconf 88' lang='lat' dir='ltr'>Ad</span> <span class='ocrx_word' id='word_1_253' title='bbox 486 3841 592 3911; x_wconf 86' lang='lat' dir='ltr'>aliam</span> <span class='ocrx_word' id='word_1_254' title='bbox 609 3839 752 3931; x_wconf 89' lang='lat' dir='ltr'>quando</span> <span class='ocrx_word' id='word_1_255' title='bbox 770 3838 902 3907; x_wconf 78' lang='lat' dir='ltr'>(licitur</span> <span class='ocrx_word' id='word_1_256' title='bbox 918 3837 1013 3928; x_wconf 92' lang='lat' dir='ltr'>quod</span> <span class='ocrx_word' id='word_1_257' title='bbox 1032 3835 1184 3907; x_wconf 87' lang='lat' dir='ltr'>Nullam</span> <span class='ocrx_word' id='word_1_258' title='bbox 1202 3837 1484 3909; x_wconf 87' lang='lat' dir='ltr'>infeodationem</span> <span class='ocrx_word' id='word_1_259' title='bbox 1502 3847 1561 3910; x_wconf 92' lang='lat' dir='ltr'>etc</span> <span class='ocrx_word' id='word_1_260' title='bbox 1580 3879 1589 3896; x_wconf 92' lang='lat'><strong>·</strong></span> <span class='ocrx_word' id='word_1_261' title='bbox 1606 3836 1747 3933; x_wconf 87' lang='lat' dir='ltr'>respon·</span> 
     </span>
     <span class='ocr_line' id='line_1_30' title="bbox 407 3946 1746 4044; baseline 0.003 -25"><span class='ocrx_word' id='word_1_262' title='bbox 407 3955 514 4023; x_wconf 83' lang='lat' dir='ltr'>‹letur</span> <span class='ocrx_word' id='word_1_263' title='bbox 530 3953 625 4043; x_wconf 93' lang='lat' dir='ltr'>quod</span> <span class='ocrx_word' id='word_1_264' title='bbox 643 3973 726 4022; x_wconf 89' lang='lat' dir='ltr'>cum</span> <span class='ocrx_word' id='word_1_265' title='bbox 750 3947 823 4044; x_wconf 91' lang='lat' dir='ltr'>ipse</span> <span class='ocrx_word' id='word_1_266' title='bbox 840 3946 885 4019; x_wconf 88' lang='lat' dir='ltr'>srt</span> <span class='ocrx_word' id='word_1_267' title='bbox 903 3950 988 4020; x_wconf 90' lang='lat' dir='ltr'>baro</span> <span class='ocrx_word' id='word_1_268' title='bbox 1006 3949 1142 4020; x_wconf 90' lang='lat' dir='ltr'>domini</span> <span class='ocrx_word' id='word_1_269' title='bbox 1167 3947 1278 4019; x_wconf 85' lang='lat' dir='ltr'>nostri</span> <span class='ocrx_word' id='word_1_270' title='bbox 1304 3951 1397 4044; x_wconf 80' lang='lat' dir='ltr'>regis</span> <span class='ocrx_word' id='word_1_271' title='bbox 1414 3960 1452 4021; x_wconf 89' lang='lat' dir='ltr'>at</span> <span class='ocrx_word' id='word_1_272' title='bbox 1470 3948 1746 4023; x_wconf 78' lang='lat' dir='ltr'>iurisdittionem</span> 
     </span>
     <span class='ocr_line' id='line_1_31' title="bbox 407 4057 1748 4156; baseline 0.001 -23"><span class='ocrx_word' id='word_1_273' title='bbox 407 4065 621 4135; x_wconf 88' lang='lat' dir='ltr'>ordinariam</span> <span class='ocrx_word' id='word_1_274' title='bbox 650 4063 783 4133; x_wconf 89' lang='lat' dir='ltr'>habeat</span> <span class='ocrx_word' id='word_1_275' title='bbox 809 4057 900 4132; x_wconf 86' lang='lat' dir='ltr'>srcut</span> <span class='ocrx_word' id='word_1_276' title='bbox 930 4063 1041 4132; x_wconf 92' lang='lat' dir='ltr'>ceteri</span> <span class='ocrx_word' id='word_1_277' title='bbox 1070 4061 1221 4133; x_wconf 90' lang='lat' dir='ltr'>barones</span> <span class='ocrx_word' id='word_1_278' title='bbox 1248 4064 1349 4156; x_wconf 84' lang='lat' dir='ltr'>regni</span> <span class='ocrx_word' id='word_1_279' title='bbox 1379 4061 1524 4155; x_wconf 90' lang='lat' dir='ltr'>ipseque</span> <span class='ocrx_word' id='word_1_280' title='bbox 1554 4074 1592 4134; x_wconf 90' lang='lat' dir='ltr'>et</span> <span class='ocrx_word' id='word_1_281' title='bbox 1621 4064 1748 4156; x_wconf 89' lang='lat' dir='ltr'>prede·</span> 
     </span>
     <span class='ocr_line' id='line_1_32' title="bbox 408 4168 1746 4266; baseline 0 -20"><span class='ocrx_word' id='word_1_282' title='bbox 408 4170 555 4246; x_wconf 85' lang='lat' dir='ltr'>cessores</span> <span class='ocrx_word' id='word_1_283' title='bbox 573 4172 625 4243; x_wconf 92' lang='lat' dir='ltr'>sui</span> <span class='ocrx_word' id='word_1_284' title='bbox 649 4174 784 4244; x_wconf 89' lang='lat' dir='ltr'>suerint</span> <span class='ocrx_word' id='word_1_285' title='bbox 801 4183 839 4243; x_wconf 91' lang='lat' dir='ltr'>et</span> <span class='ocrx_word' id='word_1_286' title='bbox 855 4169 926 4243; x_wconf 88' lang='lat' dir='ltr'>srnt</span> <span class='ocrx_word' id='word_1_287' title='bbox 942 4174 979 4243; x_wconf 93' lang='lat' dir='ltr'>in</span> <span class='ocrx_word' id='word_1_288' title='bbox 998 4168 1205 4266; x_wconf 82' lang='lat' dir='ltr'>possessione</span> <span class='ocrx_word' id='word_1_289' title='bbox 1230 4171 1433 4244; x_wconf 89' lang='lat' dir='ltr'>huiusmodi</span> <span class='ocrx_word' id='word_1_290' title='bbox 1458 4176 1573 4246; x_wconf 87' lang='lat' dir='ltr'>curias</span> <span class='ocrx_word' id='word_1_291' title='bbox 1598 4178 1746 4247; x_wconf 86' lang='lat' dir='ltr'>tenendi</span> 
     </span>
     <span class='ocr_line' id='line_1_33' title="bbox 407 4281 1746 4381; baseline 0 -23"><span class='ocrx_word' id='word_1_292' title='bbox 407 4299 446 4359; x_wconf 85' lang='lat' dir='ltr'>et</span> <span class='ocrx_word' id='word_1_293' title='bbox 479 4285 756 4356; x_wconf 73' lang='lat' dir='ltr'>iurisdittionem</span> <span class='ocrx_word' id='word_1_294' title='bbox 790 4286 983 4356; x_wconf 87' lang='lat' dir='ltr'>exercendi</span> <span class='ocrx_word' id='word_1_295' title='bbox 1013 4287 1051 4355; x_wconf 93' lang='lat' dir='ltr'>in</span> <span class='ocrx_word' id='word_1_296' title='bbox 1073 4283 1275 4355; x_wconf 89' lang='lat' dir='ltr'>huiusmodi</span> <span class='ocrx_word' id='word_1_297' title='bbox 1309 4281 1447 4356; x_wconf 81' lang='lat' dir='ltr'>casibus</span> <span class='ocrx_word' id='word_1_298' title='bbox 1477 4281 1650 4358; x_wconf 79' lang='lat' dir='ltr'>similibus</span> <span class='ocrx_word' id='word_1_299' title='bbox 1672 4285 1746 4381; x_wconf 88' lang='lat' dir='ltr'>ipse</span> 
     </span>
     <span class='ocr_line' id='line_1_34' title="bbox 407 4393 1748 4494; baseline 0.001 -25"><span class='ocrx_word' id='word_1_300' title='bbox 407 4401 537 4470; x_wconf 90' lang='lat' dir='ltr'>merito</span> <span class='ocrx_word' id='word_1_301' title='bbox 563 4400 682 4491; x_wconf 86' lang='lat' dir='ltr'>potuit</span> <span class='ocrx_word' id='word_1_302' title='bbox 700 4399 736 4467; x_wconf 91' lang='lat' dir='ltr'>in</span> <span class='ocrx_word' id='word_1_303' title='bbox 754 4395 815 4469; x_wconf 91' lang='lat' dir='ltr'>sua</span> <span class='ocrx_word' id='word_1_304' title='bbox 838 4399 936 4468; x_wconf 87' lang='lat' dir='ltr'>curia</span> <span class='ocrx_word' id='word_1_305' title='bbox 960 4398 1132 4468; x_wconf 91' lang='lat' dir='ltr'>iudicium</span> <span class='ocrx_word' id='word_1_306' title='bbox 1159 4397 1243 4468; x_wconf 90' lang='lat' dir='ltr'>dare</span> <span class='ocrx_word' id='word_1_307' title='bbox 1269 4393 1463 4469; x_wconf 89' lang='lat' dir='ltr'>secundum</span> <span class='ocrx_word' id='word_1_308' title='bbox 1491 4398 1588 4494; x_wconf 84' lang='lat' dir='ltr'>leges</span> <span class='ocrx_word' id='word_1_309' title='bbox 1605 4408 1643 4470; x_wconf 87' lang='lat' dir='ltr'>et</span> <span class='ocrx_word' id='word_1_310' title='bbox 1664 4423 1748 4472; x_wconf 90' lang='lat' dir='ltr'>con-</span> 
     </span>
     <span class='ocr_line' id='line_1_35' title="bbox 409 4506 1748 4605; baseline 0.001 -24"><span class='ocrx_word' id='word_1_311' title='bbox 409 4511 616 4581; x_wconf 90' lang='lat' dir='ltr'>suetudines</span> <span class='ocrx_word' id='word_1_312' title='bbox 640 4510 741 4603; x_wconf 88' lang='lat' dir='ltr'>regni</span> <span class='ocrx_word' id='word_1_313' title='bbox 767 4510 938 4579; x_wconf 86' lang='lat' dir='ltr'>iudicium</span> <span class='ocrx_word' id='word_1_314' title='bbox 964 4510 1059 4579; x_wconf 86' lang='lat' dir='ltr'>eninr</span> <span class='ocrx_word' id='word_1_315' title='bbox 1085 4506 1286 4580; x_wconf 89' lang='lat' dir='ltr'>huiusmodi</span> <span class='ocrx_word' id='word_1_316' title='bbox 1312 4509 1503 4582; x_wconf 88' lang='lat' dir='ltr'>fundatum</span> <span class='ocrx_word' id='word_1_317' title='bbox 1520 4508 1573 4581; x_wconf 90' lang='lat' dir='ltr'>est</span> <span class='ocrx_word' id='word_1_318' title='bbox 1589 4510 1748 4605; x_wconf 86' lang='lat' dir='ltr'>generali</span> 
     </span>
    </p>
   </div>
   <div class='ocr_carea' id='block_1_4' title="bbox 0 0 2054 5430">
    <p class='ocr_par' dir='ltr' id='par_1_8' title="bbox 0 0 2054 5430">
     <span class='ocr_line' id='line_1_36' title="bbox 0 0 2054 5430; baseline 0 0"><span class='ocrx_word' id='word_1_319' title='bbox 0 0 2054 5430; x_wconf 95' lang='lat' dir='ltr'> </span> 
     </span>
    </p>
   </div>
  </div>
 </body>
</html>
