4088 5430
344 631 415 698 284
858 617 1161 693 REGISTRUM
1526 621 1686 717 [sucum

346 825 391 894 de
420 822 571 893 Camera
601 843 648 892 ex
675 827 777 913 parte
807 816 950 890 australi
980 841 1025 888 ex
1054 826 1157 910 parte
1187 840 1257 888 vna
1281 828 1319 888 et
1348 819 1499 890 eroftam
1527 821 1687 892 fratrum

345 934 609 1026 predicatorum
644 933 749 1003 beate
776 930 895 1002 Marie
926 931 970 1000 de
1001 929 1132 1000 Monte
1159 929 1316 1001 Carmeli
1347 953 1394 1000 ex
1423 946 1525 1023 parte
1554 932 1689 1004 boriali

347 1057 385 1116 et
411 1046 562 1116 croftam
587 1044 760 1115 heredum
781 1043 838 1113 vel
865 1038 1117 1136 assignatorum
1144 1043 1324 1132 quondam
1349 1042 1525 1113 Johannis
1549 1043 1690 1139 Howy·

346 1154 410 1227 son
439 1181 484 1228 ex
514 1167 616 1249 parte
642 1154 855 1226 occidentali
885 1165 923 1224 et
953 1163 1089 1225 metam
1112 1149 1186 1224 siue
1212 1154 1366 1224 limitem
1391 1157 1498 1226 maris
1523 1155 1618 1251 wlgo
1650 1157 1690 1229 le

348 1269 444 1340 llude
469 1270 558 1340 meis
583 1268 744 1360 partibus
761 1289 807 1337 ex
824 1265 938 1336 altera
962 1287 1104 1336 necnon
1121 1265 1166 1335 de
1187 1264 1257 1336 alia
1281 1267 1396 1338 crofta
1421 1290 1501 1338 mea
1517 1268 1612 1363 wlgo
1638 1271 1689 1342 de

348 1381 384 1453 le
408 1405 473 1474 ryg
497 1382 637 1451 iacente
664 1381 759 1449 inter
786 1379 937 1449 croftam
963 1378 1143 1469 quondam
1167 1376 1347 1448 Willelmi
1375 1378 1477 1449 Keth
1504 1403 1551 1452 ex
1578 1393 1689 1474 parte

350 1491 493 1565 australi
520 1516 565 1563 ex
589 1502 692 1585 parte
709 1513 779 1560 vna
807 1501 844 1560 et
870 1490 1022 1560 croftam
1047 1488 1220 1559 heredum
1238 1489 1295 1559 vel
1323 1486 1574 1585 allignatorum
1597 1494 1689 1566 dieti

350 1605 527 1698 quondam
546 1603 721 1674 Johannis
739 1599 920 1694 Howyson
938 1625 984 1671 ex
1001 1608 1103 1694 parte
1129 1601 1254 1672 boriali
1276 1597 1367 1673 ficut
1392 1606 1621 1695 protenditur
1646 1609 1689 1678 in

351 1716 576 1811 longitudine
606 1739 627 1786 a
656 1725 816 1785 torrente
843 1714 887 1784 de
911 1711 990 1783 Dee
1021 1710 1140 1782 versus
1171 1714 1336 1784 occidens
1367 1726 1405 1785 et
1435 1715 1555 1786 versus
1585 1741 1689 1791 mare

353 1852 398 1900 ex
428 1839 530 1920 parte
557 1826 721 1898 orientali
750 1826 910 1918 partibus
935 1849 981 1895 ex
1012 1824 1125 1895 altera
1151 1848 1215 1918 pro
1242 1828 1395 1916 quadam
1422 1837 1520 1898 certa
1545 1828 1689 1903 summa

350 1943 502 2035 pecunie
527 1963 634 2032 quam
660 1939 775 2008 didius
801 1934 968 2030 magister
989 1935 1185 2007 Duncanus
1210 1938 1298 2006 mihi
1324 1975 1332 1992 ·
1358 1979 1366 1994 ·
1394 1979 1403 1995 ·
1429 1937 1687 2032 persoluebat·

350 2053 557 2124 Tenendam
576 2092 583 2107 ·
603 2092 611 2107 ·
630 2092 638 2106 ·
657 2051 702 2120 de
728 2050 873 2119 domino
899 2045 1017 2118 nostro
1043 2072 1127 2142 rege
1144 2089 1153 2104 ·
1173 2089 1180 2105 ·
1200 2088 1208 2104 ·
1227 2051 1263 2119 in
1288 2050 1392 2120 feodo
1418 2060 1456 2121 et
1482 2053 1688 2127 hereditate

351 2169 644 2258 imperpetuum·
664 2203 672 2218 ·
692 2202 700 2218 ·
719 2173 757 2232 et
774 2157 800 2230 fi
819 2163 1030 2254 contingat·
1050 2201 1058 2216 ·
1077 2200 1085 2216 ·
1104 2161 1199 2253 quod
1217 2159 1333 2233 dietus
1356 2186 1496 2233 annuus
1520 2166 1688 2240 redditus

351 2318 359 2334 ·
379 2318 386 2333 ·
406 2317 413 2333 ·
432 2299 505 2347 non
530 2277 664 2369 poterit
682 2272 847 2345 dediciis
865 2273 987 2343 croftis
1012 2274 1102 2343 meis
1120 2282 1157 2343 et
1175 2276 1280 2344 terris
1307 2275 1444 2345 leuari·
1464 2316 1472 2332 ·
1492 2316 1499 2332 ·
1518 2277 1628 2347 volo·
1648 2321 1655 2336 ·
1678 2323 1685 2337 -

275 2465 279 2474 ¹
351 2391 472 2481 quod·
496 2428 531 2444 ··
551 2387 695 2459 leuetur
717 2426 725 2441 ·
749 2424 757 2440 ·
782 2424 790 2440 ·
814 2385 858 2453 de
884 2381 1152 2476 quibuscunque
1177 2386 1254 2477 alijs
1280 2387 1402 2457 croftis
1428 2391 1532 2458 terris
1558 2387 1689 2483 polles-

351 2499 507 2571 sronibus
521 2510 558 2570 et
572 2498 790 2569 tenementis
806 2497 896 2566 meis
914 2535 921 2550 ·
941 2535 949 2550 ·
968 2497 1191 2588 ·vbicunque
1208 2499 1341 2569 fuerint
1358 2495 1489 2571 fituata
1502 2541 1510 2557 ·
1525 2541 1533 2557 ·
1549 2542 1557 2558 ·
1572 2503 1687 2595 Apud

351 2615 485 2685 dietum
508 2613 661 2704 burgum
679 2611 724 2680 de
741 2608 934 2679 Aberdene
957 2609 994 2699 xj
1013 2609 1071 2678 die
1092 2606 1222 2679 mensis
1240 2609 1405 2681 Odobris
1422 2636 1516 2683 anno
1535 2613 1687 2688 Domini

272 2760 274 2765 ·
351 2745 548 2798 u.cccc.nx
578 2761 586 2779 ·
615 2719 779 2793 Testibus
814 2720 1079 2790 honorabilibus
1113 2733 1151 2792 et
1185 2719 1344 2793 discretis
1372 2726 1455 2794 viris
1491 2724 1686 2800 Nicholaio

352 2826 497 2932 Proudy
511 2878 519 2894 ·
535 2834 654 2908 Dauid
674 2833 803 2905 Schort
821 2830 1014 2924 capellania
1028 2871 1035 2886 ·
1050 2830 1215 2903 Johanne
1232 2832 1348 2904 Traile
1363 2875 1370 2889 ·
1385 2834 1409 2904 J
1411 2835 1552 2908 ohanne
1569 2837 1687 2910 Jhon·

351 2949 430 3022 ston
450 2992 457 3007 ·
477 2948 627 3019 Andrea
644 2945 830 3039 Lychtone
849 2984 856 2999 ·
876 2952 913 3013 et
930 2941 954 3011 J
956 2943 1097 3014 ohanne
1113 2942 1288 3016 Tulideffe
1304 2941 1465 3017 feriando
1483 2988 1490 3002 ·

352 3285 462 3358 Carta
479 3286 577 3356 Petri
596 3281 757 3375 Kympdi
775 3279 820 3350 de
838 3302 957 3350 annuo
974 3280 1115 3350 redditu
1134 3321 1142 3335 ·

355 3488 499 3583 Petrus
524 3505 685 3599 Kympdi
714 3497 895 3596 burgensis
922 3502 967 3572 de
993 3500 1186 3574 Aberdene
1208 3544 1216 3559 ·
1242 3544 1249 3559 ·
1274 3544 1282 3559 ·
1307 3504 1493 3576 Noueritis
1518 3529 1577 3578 me
1603 3550 1611 3564 ·
1640 3552 1648 3567 ·
1677 3553 1685 3568 ·

352 3615 546 3694 vendidille
576 3658 584 3674 ·
616 3656 624 3672 ·
656 3655 664 3671 ·
695 3610 863 3708 magistro
893 3612 1069 3685 Duncano
1100 3613 1265 3708 Lyehton
1295 3616 1507 3688 cancellario
1536 3618 1688 3695 ecclelia

353 3725 620 3805 Aberdonensra
650 3749 760 3796 vnum
796 3747 955 3796 annuum
989 3725 1169 3796 redditum
1205 3724 1393 3798 tresdecim
1422 3727 1614 3802 solidorum
1646 3746 1688 3806 et

353 3854 507 3937 quatuor
531 3840 786 3911 denariorum·
812 3877 819 3892 ·
845 3876 853 3892 ·
877 3835 1071 3908 leuandum
1097 3838 1142 3908 de
1167 3839 1282 3909 crofta
1305 3862 1387 3910 mea
1408 3841 1552 3913 iacente
1577 3845 1623 3915 ed
1650 3847 1687 3918 le

354 3955 476 4029 Grene
494 3952 597 4023 Ende
622 3952 718 4020 inter
735 3949 885 4020 croftam
902 3948 1102 4018 Alexandri
1121 3950 1165 4019 de
1182 3947 1334 4021 Camere
1358 3974 1404 4021 ex
1429 3963 1532 4045 parte
1557 3954 1686 4028 boriali

355 4079 393 4138 et
415 4065 567 4138 eroftam
584 4061 783 4133 Alexandri
801 4057 1007 4153 Blyndseile
1024 4082 1070 4130 ex
1086 4068 1189 4151 parte
1214 4059 1358 4133 australi
1383 4075 1490 4155 prout
1515 4067 1686 4138 extendit

354 4182 393 4250 in
417 4175 642 4270 longitudine
666 4197 688 4243 a
710 4173 825 4244 crofta
846 4173 996 4242 fratrum
1014 4170 1287 4243 Carmelitarum
1314 4171 1433 4245 versus
1458 4177 1685 4250 occidentem

355 4287 463 4380 vsque
479 4287 524 4358 ad
540 4285 691 4355 fluuium
714 4307 805 4376 aque
823 4284 868 4354 de
886 4282 965 4354 Dee
983 4281 1103 4355 versus
1125 4286 1301 4355 orientem
1324 4308 1388 4378 pro
1405 4287 1556 4378 quadam
1583 4301 1685 4364 certa

354 4400 493 4473 summa
508 4398 659 4490 pecunie
672 4417 776 4487 quam
796 4394 913 4467 didius
930 4393 1098 4489 magister
1110 4395 1307 4468 Duncanus
1319 4399 1407 4468 mihi
1425 4438 1433 4455 ·
1452 4438 1460 4456 ·
1479 4439 1488 4455 ·
1506 4398 1686 4492 persolue-

359 4514 448 4586 bat·
466 4507 702 4582 Tenendum·
721 4546 729 4563 ·
748 4545 756 4563 ·
775 4506 821 4579 de
845 4506 989 4578 domino
1014 4504 1132 4579 nostro
1157 4529 1241 4604 rege
1259 4546 1267 4563 ·
1286 4548 1294 4564 ·
1313 4548 1321 4565 ·
1339 4509 1378 4580 in
1394 4509 1500 4582 feodo
1520 4520 1559 4583 et
1581 4511 1685 4587 here-
