4088 5430
354 628 426 693 310
871 614 1177 705 REGISTRUM
1542 617 1697 712 [61161111

357 930 537 1001 Fundatio
554 927 753 1022 capellanie
771 927 816 998 de
833 926 992 1021 Morphy
1009 968 1018 983 ·

357 1132 551 1250 Magister
567 1152 788 1224 Laurenciua
806 1150 974 1222 Duncani
992 1151 1145 1222 vicarius
1163 1188 1172 1206 ·
1192 1188 1201 1205 ·
1218 1188 1226 1206 ·
1243 1152 1290 1222 de
1307 1149 1473 1247 Lnngley
1492 1191 1501 1209 ·
1518 1190 1527 1206 ·
1544 1189 1553 1206 ·
1570 1151 1696 1225 Noue-

355 1271 434 1340 ritis
451 1290 510 1338 me
530 1306 538 1322 ·
557 1305 565 1323 ·
586 1307 594 1323 ·
613 1266 658 1337 ad
675 1261 974 1337 sustentationem
992 1303 1001 1320 ·
1021 1304 1030 1322 ·
1049 1304 1057 1320 ·
1076 1264 1181 1334 mina
1198 1263 1375 1357 capellani
1391 1265 1435 1336 ad
1454 1264 1567 1337 altare
1584 1262 1694 1338 sanai

356 1379 533 1452 Columbe
549 1380 587 1449 in
605 1374 755 1449 ecclesia
779 1375 977 1448 cathedrali
994 1372 1243 1447 Aberdonensr
1261 1413 1270 1432 ·
1287 1414 1296 1432 ·
1314 1416 1323 1434 ·
1340 1400 1405 1469 pro
1422 1375 1538 1448 salute
1560 1379 1696 1450 anima-

355 1516 434 1563 rnm
452 1490 633 1584 quondam
651 1528 660 1546 ·
676 1527 684 1545 ·
702 1527 710 1546 ·
727 1488 855 1561 Jacobi
880 1486 1026 1560 secundi
1051 1486 1242 1559 Scotorum
1268 1489 1363 1583 regis
1379 1526 1388 1544 ·
1406 1526 1415 1544 ·
1432 1526 1441 1544 ·
1458 1499 1497 1560 61
1514 1489 1694 1582 quondam

355 1605 583 1674 ···domine
610 1601 730 1674 Marie
755 1603 880 1696 regine
905 1598 1029 1672 Scotie
1054 1596 1116 1670 sue
1141 1601 1304 1694 coniugia
1329 1610 1368 1670 61
1393 1602 1623 1672 animarum·
1650 1641 1659 1657 ·
1684 1641 1693 1657 ·

354 1717 515 1788 moderni
535 1716 670 1786 domini
691 1714 716 1785 J
719 1714 821 1786 acobi
847 1711 1040 1784 Scotorum
1065 1712 1160 1806 regio
1185 1724 1224 1782 61
1241 1751 1250 1768 ·
1269 1753 1278 1769 ·
1297 1753 1306 1768 ·
1325 1713 1469 1784 domine
1487 1711 1695 1808 Margarete

355 1831 477 1925 regine
503 1825 626 1899 Scotie
653 1826 826 1897 moderne
852 1848 894 1896 ac
919 1824 1039 1895 anime
1065 1824 1199 1894 domini
1226 1826 1396 1918 principis
1422 1823 1545 1897 Scotie
1570 1848 1696 1898 eorum

354 1942 417 2035 lilij
444 1941 675 2035 primogeniti
703 1937 831 2009 Jacobi
858 1937 959 2006 ducis
985 1936 1030 2006 (16
1056 1931 1242 2029 Rothilsay
1259 1938 1401 2007 comitis
1427 1937 1473 2008 de
1493 1936 1630 2031 Carryk
1656 1950 1696 2009 et

354 2054 490 2125 donrini
514 2052 752 2146 Cuuyngame
779 2091 787 2106 ·
815 2089 824 2107 ·
850 2088 859 2104 ·
884 2070 1026 2118 necnon
1056 2070 1121 2139 pro
1146 2045 1262 2119 salute
1287 2050 1485 2120 animarum
1514 2049 1695 2142 quondam

354 2166 522 2238 Duncani
552 2161 737 2236 Adamson
767 2163 879 2255 patris
908 2160 982 2230 mei
1012 2168 1050 2230 et
1082 2157 1255 2231 Mariorie
1285 2159 1426 2232 Mowat
1455 2163 1579 2232 matria
1612 2185 1695 2233 mee

353 2279 489 2349 domini
500 2278 637 2347 Thome
652 2275 819 2346 Duncani
838 2274 958 2345 fratria
972 2273 1044 2342 mei
1054 2269 1204 2343 Andree
1221 2271 1331 2344 Alani
1346 2273 1526 2364 quondam
1540 2274 1697 2367 burgen-

353 2387 398 2460 srs
416 2391 460 2459 de
478 2388 651 2460 Aberden
669 2396 707 2458 et
729 2410 792 2479 pro
811 2385 926 2457 salute
951 2385 1072 2455 anime
1097 2405 1204 2454 mee·
1223 2424 1231 2441 ·
1251 2423 1260 2441 ·
1279 2380 1411 2456 dodillo
1429 2425 1437 2441 ·
1458 2423 1466 2441 ·
1485 2427 1493 2442 ·
1513 2384 1694 2457 Richardo

355 2499 493 2574 Forbes
503 2503 639 2572 decano
658 2510 697 2570 et
715 2496 874 2590 capitulo
891 2491 1142 2567 Aberdonensr
1160 2536 1170 2552 ·
1189 2534 1198 2553 ·
1217 2535 1225 2551 ·
1245 2519 1405 2567 annuum
1431 2497 1611 2568 redditum
1630 2499 1695 2569 xix

353 2637 552 2686 marcarum
571 2650 578 2668 ·
596 2650 605 2667 ·
622 2653 631 2669 ·
651 2614 696 2682 de
726 2611 832 2682 terris
861 2610 907 2681 de
935 2628 1067 2701 magno
1094 2606 1242 2701 Morphi
1268 2648 1277 2664 ·
1305 2647 1313 2666 ·
1338 2648 1347 2666 ·
1374 2598 1574 2681 iacentibus
1600 2611 1696 2682 infra

353 2728 644 2798 vicecomitatum
663 2725 708 2794 de
722 2722 918 2814 Kyncarne
934 2748 977 2796 ac
994 2759 1002 2778 ·
1020 2759 1029 2776 ·
1045 2759 1054 2776 ·
1073 2743 1233 2791 annuum
1250 2721 1432 2792 redditum
1449 2724 1487 2793 ix
1501 2720 1694 2794 solidorum

353 2879 360 2897 ·
389 2879 397 2895 ·
425 2880 432 2896 ·
461 2840 505 2910 de
531 2847 626 2907 terra
643 2835 781 2906 Thome
804 2833 953 2906 Andree
979 2837 1120 2905 iacente
1142 2834 1180 2903 111
1205 2835 1283 2904 vico
1309 2834 1414 2904 fotini
1440 2835 1536 2906 inter
1560 2844 1694 2907 terram

352 2951 524 3022 heredum
556 2948 736 3040 quondam
765 2946 890 3017 Allani
918 2948 1089 3039 Tailgour
1115 2967 1162 3016 ex
1189 2955 1291 3038 parte
1320 2941 1465 3018 australi
1492 2957 1531 3018 et
1560 2957 1693 3020 terram

351 3063 528 3133 Johannis
552 3059 703 3131 Fechait
723 3060 877 3151 junioris
900 3082 947 3129 ex
973 3066 1076 3151 parte
1101 3057 1235 3128 boreali
1262 3067 1300 3129 et
1317 3095 1326 3114 ·
1342 3094 1351 3112 ·
1368 3096 1377 3112 ·
1395 3058 1506 3130 alium
1531 3082 1693 3131 annuum

351 3176 533 3246 redditum
551 3173 613 3263 xiij
632 3170 825 3242 solidorum
844 3173 1057 3241 exeuntium
1071 3209 1080 3227 ·
1096 3209 1104 3227 ·
1120 3210 1128 3226 ·
1145 3169 1190 3241 de
1208 3180 1305 3241 terra
1320 3169 1494 3240 heredum
1511 3172 1693 3265 quondam

352 3286 494 3359 Valteri
520 3284 663 3376 Harpar
683 3306 753 3375 que
779 3291 928 3354 tenetur
949 3285 987 3354 iu
1010 3281 1200 3376 regalitate
1224 3281 1269 3352 (16
1292 3282 1423 3353 abbate
1447 3292 1485 3354 et
1508 3295 1694 3356 conuentu

351 3401 397 3471 de
424 3396 630 3469 Arbrotboc
658 3397 800 3465 iacente
832 3393 924 3489 [per
951 3401 1054 3465 metat
1079 3392 1240 3489 utsupra
1260 3416 1299 3488 p.
1326 3392 1428 3488 305]
1457 3394 1695 3468 Tenebuntnr

352 3512 467 3581 (1181116
493 3507 700 3600 capellanus
727 3545 735 3562 ·
762 3545 770 3562 ·
799 3545 808 3563 ·
836 3516 875 3577 et
904 3503 1115 3577 succelsoreo
1143 3502 1197 3578 sui
1227 3507 1436 3576 continuam
1464 3504 1693 3580 residentiam

351 3623 395 3694 ad
422 3623 558 3692 dilium
584 3618 698 3690 altare
723 3618 841 3689 facere
867 3620 904 3688 in
930 3618 1025 3689 (11116
1050 3613 1224 3689 ecclesia·
1248 3657 1256 3673 ·
1280 3657 1288 3673 ·
1312 3640 1377 3710 pro
1402 3620 1589 3692 animabus
1613 3643 1695 3714 pre-

351 3734 456 3804 ditiis
479 3771 488 3787 ·
509 3770 518 3788 ·
540 3769 548 3786 ·
572 3731 754 3802 celebrare
777 3766 786 3784 ·
809 3729 973 3800 ordinaui
1000 3726 1143 3823 insuper
1159 3767 1194 3785 ··
1215 3766 1223 3784 ·
1247 3731 1342 3820 quod
1370 3731 1465 3802 (11116
1494 3732 1693 3826 capellanie

350 3843 567 3940 presentatio
593 3843 637 3914 ad
664 3865 723 3913 me
749 3865 813 3935 pro
839 3852 1002 3934 tempore
1029 3864 1111 3912 meo
1137 3843 1317 3935 pertineat
1340 3852 1377 3913 et
1404 3840 1483 3936 post
1513 3843 1691 3918 decessum

349 3980 471 4028 meum
498 3956 542 4027 ad
568 3957 745 4026 decanum
763 3966 801 4025 et
819 3954 1020 4047 capitulum
1038 3993 1046 4011 ·
1066 3993 1074 4010 ·
1094 3993 1102 4010 ·
1121 3963 1160 4024 et
1177 3955 1272 4045 quod
1293 3954 1438 4026 collatio
1456 3967 1495 4028 et
1512 3954 1691 4030 institutio

350 4067 553 4161 huiusmodi
574 4066 773 4160 capellanie
794 4066 838 4137 ad
857 4105 866 4123 ·
885 4105 894 4123 ·
913 4106 921 4124 ·
940 4065 1144 4160 episcopum
1163 4105 1171 4122 ·
1191 4105 1200 4123 ·
1218 4101 1227 4121 ·
1244 4075 1282 4137 61
1300 4063 1380 4137 suos
1397 4065 1607 4141 succelsores
1625 4111 1634 4129 ·
1652 4112 1660 4129 ·
1680 4113 1690 4132 ·

349 4180 606 4276 pertinebunt·
621 4187 660 4250 et
677 4174 703 4247 sr
722 4180 909 4273 contingat
927 4179 1062 4249 diuum
1079 4177 1306 4271 capellanum
1320 4215 1328 4233 ·
1341 4215 1350 4233 ·
1365 4219 1372 4234 ·
1388 4203 1410 4251 a
1427 4181 1521 4252 diota
1536 4182 1691 4276 capella-

349 4295 410 4365 nia
426 4291 463 4362 se
483 4287 690 4361 absentare·
713 4328 722 4346 ·
742 4329 750 4347 ·
768 4313 832 4382 per
857 4292 1007 4384 triginta
1024 4290 1100 4361 dies
1117 4330 1125 4346 ·
1144 4328 1153 4346 ·
1171 4330 1179 4348 ·
1198 4288 1330 4382 absque
1356 4289 1460 4363 causa
1485 4296 1689 4368 rationabili

350 4416 413 4478 aut
431 4403 577 4473 licentia
594 4426 616 4471 a
632 4423 713 4472 me·
733 4441 741 4459 ·
760 4411 847 4472 ·aut
864 4424 886 4472 a
903 4404 1038 4473 decano
1056 4413 1095 4474 et
1112 4402 1296 4496 capitulo·
1314 4440 1347 4458 ··
1366 4405 1491 4476 ordino
1509 4408 1603 4498 quod
1623 4448 1632 4466 ·
1651 4449 1659 4466 ·
1679 4449 1688 4468 ·

352 4519 448 4590 (11116
472 4513 671 4605 capellania
695 4513 835 4584 vacabit
853 4524 891 4584 et
917 4554 925 4570 ·
954 4553 963 4571 ·
990 4554 997 4571 ·
1025 4515 1116 4587 aliua
1141 4515 1347 4609 capellanus
1369 4556 1377 4574 ·
1401 4557 1410 4573 ·
1434 4559 1442 4575 ·
1465 4518 1510 4591 ad
1536 4520 1686 4594 eandem
