4088 5430
378 617 449 687 360
892 611 1197 687 nnensnnum
1563 612 1722 709 [secun

174 869 181 881 .
219 804 224 816 '
279 818 353 853 '¹⁰⁰⁸'
379 810 659 884 Memorandum
699 812 745 884 de
777 811 920 883 indulto
948 809 1143 907 apostolico
1177 809 1338 886 eonaeffo
1367 813 1486 886 eidem
1515 811 1721 883 reuerendo

377 926 471 1017 patri
489 925 634 996 domino
652 922 842 996 Willelmo
858 922 1108 997 Aberdonenfi
1125 921 1289 1020 episeopo
1306 933 1345 996 ot
1367 923 1439 996 suis
1465 919 1722 996 suaaefforibua

380 1037 425 1106 de
455 1037 594 1108 decima
620 1037 804 1108 noualium
826 1035 888 1108 seu
915 1038 960 1110 de
989 1039 1156 1109 omnibus
1181 1039 1286 1110 tertia
1315 1041 1461 1109 nouiter
1484 1035 1595 1108 cultis
1622 1035 1723 1106 infra

379 1145 529 1218 suhitam
554 1148 599 1218 de
625 1148 821 1220 Aberdene
843 1172 908 1242 pro
930 1152 1081 1245 triginta
1107 1172 1284 1222 annorum
1309 1146 1427 1243 spacio
1454 1157 1494 1220 vt
1520 1151 1558 1219 in
1584 1147 1723 1219 litteris

379 1255 581 1352 apostolicis
599 1255 760 1330 diffusius
776 1269 900 1354 patet·

866 1526 1013 1597 Soanta
1031 1547 1082 1598 nn
1100 1527 1204 1600 Cnan
1223 1566 1231 1581 ·

423 1764 426 1769 .
492 1708 593 1779 Villa
608 1662 756 1779 ecelefie
772 1709 823 1801 iiij
840 1717 959 1779 aratra
976 1748 984 1765 ·
1002 1705 1179 1803 greffuma
1191 1713 1266 1805 xiij·
1284 1710 1346 1782 lit·
1367 1711 1410 1803 vj·
1427 1712 1456 1781 i·
1474 1711 1546 1802 viij·
1565 1707 1600 1780 d·

375 1929 552 2004 affedatur
573 1954 637 2025 pro
654 1933 737 2024 aiij·
766 1931 826 2002 liu
845 1933 899 2024 -vj·
927 1933 956 2003 ἔ·
987 1935 1070 2026 eiij·
1090 1931 1124 2004 d·
1148 1937 1187 2005 in
1203 1956 1299 2006 anno
1326 1957 1396 2006 vna
1419 1944 1536 2006 marta
1560 1943 1720 2027 quatuor

374 2044 583 2114 mutonibus
607 2044 731 2136 axiiij·
751 2043 947 2137 caponibus
966 2046 1090 2139 axiiij·
1109 2046 1252 2142 gallinis
1277 2044 1480 2119 domesticis
1498 2056 1536 2118 et
1562 2048 1721 2117 totidem

377 2270 458 2362 ·viij·
478 2264 553 2362 [ὦ]
567 2290 630 2360 pro
648 2268 827 2362 bondagio
845 2290 916 2337 vna
933 2292 1015 2339 eum
1034 2266 1193 2363 seruicijs
1211 2271 1270 2342 vel
1287 2273 1444 2365 pretium
1469 2280 1509 2341 vt
1531 2270 1636 2364 supra
1653 2294 1720 2364 pro

376 2378 762 2562 glitmlililitlistilexandro
781 2491 865 2586 Hay
902 2495 964 2586 iiij·
983 2495 1018 2564 h·
1072 2494 1229 2566 Patricio
1247 2495 1342 2589 Crag
1430 2550 1438 2564 .
1540 2549 1549 2563 .
1601 2498 1663 2590 iiij·
1682 2499 1719 2566 b-

376 2602 533 2675 Johanni
553 2602 705 2673 Robarti
739 2658 745 2672 .
848 2658 855 2673 .
907 2607 969 2698 iiij·
989 2607 1023 2676 t
1075 2605 1236 2679 Roberto
1254 2605 1466 2679 Andersone
1542 2647 1549 2662 ·
1600 2609 1662 2702 iiij·
1682 2611 1718 2679 b·

376 2714 509 2787 Joanni
523 2713 743 2786 Coehrane.
846 2771 853 2786 .
907 2718 968 2809 iiij·
986 2721 1020 2789 b
1072 2719 1232 2791 Roberto
1263 2718 1434 2791 Paterson
1460 2743 1542 2791 eum

377 2825 524 2896 Andree
542 2825 693 2896 Ruberti
737 2881 744 2895 .
847 2883 854 2898 .
906 2830 968 2922 iiij·
985 2832 1020 2900 t
1120 2831 1257 2904 Jacobo
1276 2829 1478 2903 Henrisone
1545 2887 1553 2901 .
1605 2835 1666 2926 iiij·
1685 2834 1721 2903 b-

377 2938 535 3030 Johannj
554 2936 732 3008 Henrison
842 2995 849 3009 .
902 2943 963 3034 iiij·
981 2944 1015 3012 b

936 3273 1142 3343 Buauama
1160 3311 1168 3327 ·

594 3471 720 3572 Vnum
738 3483 988 3544 tenementum
1007 3469 1252 3543 seminationis
1270 3474 1305 3564 ij·
1322 3474 1357 3543 b-
1376 3476 1474 3570 ordej
1493 3517 1500 3532 ·

381 3582 557 3658 affedatur
568 3608 633 3679 pro
644 3609 690 3655 ·x·
708 3588 735 3657 ἔ·
753 3586 791 3656 in
803 3609 897 3658 anno
915 3608 998 3656 eum
1015 3587 1196 3655 communi
1208 3582 1351 3677 pastura
1361 3588 1512 3659 duarum
1528 3612 1718 3662 vaccarum

382 3700 486 3767 vnius
502 3695 614 3767 suella
627 3705 665 3767 et
679 3697 804 3767 decem
822 3699 946 3766 ouium
963 3719 1046 3767 eum
1063 3719 1156 3788 equo
1173 3708 1237 3770 aut
1254 3721 1347 3790 equa
1363 3738 1371 3754 ·

874 3807 989 3880 Elene
1007 3807 1185 3880 Oraufurd
1203 3850 1211 3866 ·

690 4031 804 4103 Aliud
822 4031 936 4103 fimile
953 4018 1204 4105 tenementum
1219 4045 1259 4104 vt
1276 4033 1381 4129 supra
1399 4078 1407 4092 ·

382 4139 560 4214 affedatur
576 4141 713 4213 Jacobo
732 4141 979 4215 Maleomsone
995 4168 1060 4238 pro
1078 4168 1122 4215 ·x·
1140 4147 1169 4217 ἔ·
1189 4147 1225 4216 in
1243 4170 1339 4217 anno
1357 4189 1365 4202 ·

780 4364 894 4437 Aliud
913 4363 1026 4440 simile
1044 4380 1293 4440 tenementum
1311 4409 1319 4424 ·

383 4475 576 4550 Aisedatur
593 4500 656 4568 pro
675 4500 717 4544 ·v·
736 4478 765 4547 ἔ·
783 4479 820 4547 in
839 4501 934 4549 anno
948 4479 1108 4552 Roberto
1122 4479 1268 4551 Grene·
