4088 5430
344 632 415 701 212
860 608 1164 684 REGISTRUM
1529 603 1683 698 [secum

346 824 451 895 Oven
469 842 552 891 cum
569 812 802 912 pertinencijs
824 853 832 869 ·
855 852 864 870 ·
887 852 895 868 ·
918 812 956 882 in
974 810 1009 880 le
1026 807 1261 900 Garuyaucht
1278 807 1372 877 iufra
1388 804 1682 876 vicecomitatum

348 935 393 1005 de
410 931 597 1004 Abirdene
622 968 631 985 ·
658 967 666 983 ·
694 967 702 982 ·
730 924 776 995 In
793 925 894 996 ouius
911 924 963 994 rei
980 919 1225 992 testimonium
1242 915 1398 1013 sigillum
1419 914 1578 987 nostrum
1605 938 1685 1007 pre-

347 1042 440 1116 senti
465 1041 595 1134 scripto
612 1034 731 1110 nostro
748 1034 1027 1108 confirmationis
1052 1035 1183 1126 apponi
1209 1033 1359 1104 fecimus
1384 1030 1480 1123 apud
1497 1027 1685 1099 Abirdone

350 1157 489 1228 decimo
507 1155 566 1224 die
582 1146 712 1222 mensis
730 1148 912 1239 Februarij
932 1169 1026 1218 auno
1040 1144 1187 1216 Domini
1205 1139 1395 1214 millesimo
1409 1143 1686 1236 quadringente·

351 1264 439 1338 srmo
454 1264 607 1357 septimo
626 1303 633 1319 ·

354 1603 496 1675 Littera
512 1597 786 1693 compulsatorie
807 1596 949 1667 comitis
967 1593 1070 1665 Marr
1093 1615 1158 1685 pro
1177 1632 1185 1649 ·
1204 1616 1227 1662 x
1247 1632 1255 1649 ·
1273 1594 1401 1665 mercis
1418 1590 1597 1665 soluendis
1622 1618 1687 1687 pro

354 1738 460 1808 parco
477 1715 522 1784 de
540 1709 751 1784 Galchovell
770 1750 778 1765 ·

355 1915 578 2011 Alexander
602 1931 798 2006 senescalli
823 1952 943 2002 comes
969 1931 1014 2000 de
1032 1928 1154 1999 Marre
1172 1937 1211 1999 et
1228 1929 1393 2000 dominus
1418 1930 1619 2025 regalitatis
1645 1933 1690 2002 de

356 2049 536 2124 Garuiach
560 2042 749 2117 iustitiario
772 2042 975 2115 vicecomiti
1002 2040 1137 2113 balliuo
1163 2049 1201 2110 et
1226 2043 1334 2113 maris
1363 2039 1493 2113 nostris
1520 2045 1613 2114 diue
1638 2067 1692 2115 re-

354 2163 515 2258 galitatis
543 2200 550 2214 ·
583 2198 591 2214 ·
619 2197 627 2213 ·
655 2156 750 2240 Quia
780 2166 855 2226 tam
884 2178 950 2247 per
978 2150 1237 2244 inspectionem
1271 2150 1453 2225 cuiusdam
1488 2155 1691 2248 obligatorij

355 2275 536 2368 quondam
566 2268 768 2340 Alexandri
802 2267 847 2338 de
873 2265 1123 2358 Abyrcromby
1150 2287 1258 2356 quam
1291 2288 1354 2359 per
1383 2267 1691 2339 confirmationem

356 2385 537 2479 quondam
554 2381 691 2452 Thome
708 2379 851 2450 comitis
868 2378 913 2448 de
928 2377 1053 2449 Marre
1070 2415 1078 2431 ·
1099 2415 1107 2431 ·
1130 2416 1138 2433 ·
1157 2376 1293 2448 decano
1311 2385 1349 2447 et
1367 2379 1525 2473 capitulo
1542 2375 1692 2451 ecclesie

357 2489 625 2570 Aberdonensrs
652 2493 697 2562 de
724 2501 762 2561 et
788 2487 892 2583 super
919 2487 1095 2560 solutione
1124 2488 1248 2560 decem
1278 2511 1477 2561 marcarum
1505 2495 1691 2564 annuatim

358 2652 366 2667 ·
394 2649 402 2665 ·
429 2648 436 2663 ·
462 2630 526 2702 pro
549 2605 654 2676 terris
671 2604 768 2696 parci
787 2603 831 2672 de
848 2601 883 2671 le
901 2598 1152 2671 Galchowell·
1178 2638 1186 2655 ·
1214 2641 1221 2656 ·
1249 2604 1477 2695 concepimus
1499 2645 1507 2660 ·
1531 2644 1539 2660 ·
1565 2644 1573 2661 ·
1597 2604 1692 2696 quod

358 2723 456 2793 idem
489 2717 670 2811 quondam
700 2712 913 2785 Alexander
941 2710 1191 2804 Abyrcromby
1221 2721 1259 2783 et
1292 2714 1442 2784 heredes
1471 2713 1525 2786 sui
1555 2715 1624 2787 fuit
1654 2728 1692 2788 et

358 2832 443 2905 suut
465 2870 473 2887 ·
495 2870 503 2886 ·
528 2829 732 2922 obligatus
750 2838 788 2898 et
806 2825 955 2920 obligati
972 2824 1018 2896 ad
1035 2821 1247 2895 soluendum
1273 2826 1405 2897 didam
1428 2823 1602 2899 summam
1624 2867 1633 2882 ·
1654 2867 1662 2882 ·
1686 2869 1694 2884 ·

359 2944 561 3040 specialiter
585 2964 649 3034 per
674 2949 786 3011 terras
811 2935 891 3009 suas
914 2939 958 3008 de
980 2935 1206 3028 Petmalwhy
1223 2946 1261 3007 et
1285 2937 1329 3008 de
1352 2936 1514 3008 Herthill
1538 2980 1545 2995 ·
1570 2979 1578 2994 ·
1600 2977 1608 2994 ·
1629 2963 1694 3032 pro

360 3055 508 3129 seruicio
526 3055 630 3123 vuius
655 3050 832 3145 capellani
850 3051 973 3121 diuina
995 3048 1211 3119 celebrantis
1236 3050 1273 3118 iu
1301 3044 1448 3121 ecclesia
1472 3051 1668 3123 cathedrali
1688 3093 1696 3108 ·

363 3169 479 3241 Vobis
504 3205 545 3220 ··
577 3206 584 3220 ·
616 3165 833 3257 precipimus
859 3172 1036 3255 quatenus
1062 3200 1070 3216 ·
1098 3200 1105 3215 ·
1135 3198 1144 3216 ·
1172 3160 1397 3254 compellatis
1421 3160 1625 3233 Jolrannem
1652 3164 1698 3234 de

362 3276 595 3373 Abycromby
611 3276 780 3346 heredem
806 3276 891 3345 dini
916 3273 1096 3365 quondam
1115 3270 1314 3343 Alexandri
1339 3296 1403 3365 per
1427 3284 1540 3344 terras
1562 3273 1697 3347 suaset

363 3393 434 3464 alia
449 3392 544 3461 bona
568 3386 631 3458 sua
655 3388 748 3458 infra
770 3387 899 3456 distem
925 3385 1152 3480 regalitatem
1178 3379 1333 3455 nostram
1351 3384 1396 3455 de
1414 3386 1624 3458 Garuiach·
1653 3428 1660 3442 ·
1689 3430 1697 3444 ·

364 3506 409 3575 ad
435 3501 648 3572 soluendum
672 3500 804 3570 discam
828 3496 1002 3568 summam
1022 3537 1029 3552 ·
1049 3537 1057 3552 ·
1077 3536 1085 3552 ·
1103 3498 1247 3588 quando
1266 3536 1300 3553 ··
1323 3538 1331 3552 ·
1353 3496 1458 3591 super
1474 3500 1542 3570 hoc
1559 3499 1699 3571 fueritis

364 3610 523 3707 requisiti
542 3654 549 3669 ·
570 3652 577 3668 ·
598 3653 606 3667 ·
625 3610 736 3703 Apud
749 3607 922 3680 Aberden
936 3610 1075 3680 decimo
1088 3609 1147 3680 die
1160 3604 1290 3680 mensrs
1303 3609 1428 3702 Martij
1443 3634 1536 3681 anno
1551 3609 1699 3682 Domini

364 3723 552 3798 millesimo
569 3716 918 3817 quadringentesimo
935 3718 1086 3813 septimo
1104 3761 1112 3776 ·

368 4064 478 4134 Carta
497 4062 674 4134 Johannis
700 4054 895 4130 Senesoalli
921 4058 1056 4128 domini
1074 4057 1119 4127 de
1136 4055 1309 4129 Buchane
1335 4068 1372 4129 et
1397 4060 1443 4128 de
1460 4058 1588 4152 Oveyn
1606 4060 1701 4152 quod

369 4185 464 4245 terre
482 4176 526 4245 de
544 4174 672 4265 Oveyu
690 4171 735 4242 ad
752 4169 925 4242 secundas
943 4169 1099 4240 decimas
1117 4178 1289 4240 tenentur
1307 4209 1314 4224 ·

368 4374 402 4471 J
406 4397 564 4468 olrannes
581 4393 777 4467 Senesoalli
795 4393 961 4463 dominus
978 4394 1023 4463 de
1041 4391 1214 4464 Buchane
1235 4402 1273 4463 et
1290 4394 1335 4462 de
1353 4390 1481 4486 Oveyn
1499 4432 1507 4448 ·
1528 4431 1536 4447 ·
1555 4433 1563 4449 ·
1582 4417 1705 4488 recog·

370 4506 547 4582 noscimus
572 4545 580 4561 ·
605 4545 613 4560 ·
640 4547 648 4562 ·
672 4516 783 4577 terras
801 4500 936 4577 nostras
954 4505 999 4575 de
1016 4502 1145 4597 Ovyen
1162 4504 1208 4575 ad
1225 4500 1397 4575 secundas
1414 4505 1570 4577 decimas
1588 4507 1702 4576 teneri
