4088 5430
349 625 396 688 58
865 609 1171 685 ereremum
1236 587 1239 592 ’
1534 610 1686 707 [secun

349 815 407 886 De
432 814 590 884 dominio
616 814 661 884 de
687 809 816 883 Dovne
840 808 1038 882 secundum
1062 811 1202 882 rentele
1226 849 1233 864 ·
1255 820 1379 883 temen
1404 833 1476 881 non
1503 808 1688 882 consueuit

398 924 536 997 soluere
544 906 618 996 'nifi
635 948 686 996 xx
704 963 713 981 ·
730 921 859 995 solidos
876 963 886 981 ·

348 1038 407 1111 De
424 1037 593 1132 thenngio
611 1038 656 1109 de
672 1035 896 1108 Abirkerdcr
914 1073 922 1093 ·
939 1032 1134 1106 secundum
1150 1034 1289 1106 rentcle
1306 1074 1314 1090 ·

349 1150 407 1222 De
423 1151 569 1222 baronia
586 1151 631 1221 dc
648 1149 903 1243 Rothymayng
920 1187 928 1204 ·
946 1144 1142 1218 secundnm
1158 1146 1318 1218 rentele·

349 1261 407 1333 De
424 1263 583 1332 dominio
601 1260 646 1332 de
660 1260 828 1332 Conunth
846 1259 948 1331 cuius
965 1280 1037 1329 vna
1052 1279 1134 1350 pars
1150 1259 1188 1327 in
1205 1280 1315 1330 mnnu
1333 1259 1476 1330 comitis
1493 1257 1660 1330 Mcrcuie
1679 1296 1687 1314 ·

396 1373 468 1446 alin
493 1373 629 1451 domini
654 1370 875 1444 Archebnldi
900 1371 946 1442 de
963 1368 1125 1465 Do'uglns
1143 1410 1151 1427 ·
1171 1372 1281 1442 tertia
1305 1370 1442 1441 domini
1460 1368 1617 1442 Walteri
1643 1368 1688 1439 de

398 1485 565 1581 Ogylvile
581 1522 590 1541 ·
607 1485 739 1556 dentur
754 1480 908 1555 secunde
926 1482 1064 1563 decime
1081 1479 1277 1555 secundum
1294 1481 1435 1554 rentcle
1452 1522 1460 1539 ·

348 1596 406 1668 De
423 1597 593 1691 thancgio
611 1596 655 1666 de
672 1595 801 1688 Buyne
817 1591 1013 1666 secundum
1030 1593 1170 1667 rentnlc
1187 1633 1195 1650 ·

349 1708 407 1780 De
424 1711 528 1782 terris
546 1709 591 1779 de
609 1705 798 1801 Fynlcttre
815 1744 824 1760 ·
841 1702 1036 1777 secundum
1054 1708 1193 1780 rentele
1212 1749 1219 1764 ·

348 1820 406 1893 De
423 1815 640 1892 Cestelfelde
656 1855 665 1875 ·
681 1815 877 1890 secundnm
893 1814 1032 1888 rentnle
1049 1850 1057 1873 ·

348 1933 406 2004 De
424 1932 704 2025 Petnabruyncn
722 1971 730 1988 ·
748 1928 944 2002 secundum
961 1928 1121 2002 rentnle·

347 2044 406 2116 De
424 2044 603 2116 Monbree
619 2081 628 2100 ·
645 2040 841 2115 secundum
858 2041 998 2113 rentnle
1016 2064 1027 2099 ·'
1184 2026 1186 2031 ’

348 2157 407 2229 De
424 2157 523 2230 Orde
541 2156 586 2228 de
602 2156 771 2237 monbree
788 2194 797 2211 ·
814 2151 1011 2225 secundum
1027 2152 1167 2235 rentnle
1187 2195 1194 2210 ·

348 2270 406 2342 De
423 2267 690 2362 Blcreschynok
706 2305 715 2321 ·
732 2263 927 2338 secundum
944 2264 1084 2338 rentnle
1102 2304 1110 2322 ·

348 2383 407 2453 De
424 2377 620 2473 Cemeulsy
637 2416 646 2436 ·
662 2377 859 2449 i'ecundum
876 2375 1014 2448 rentale
1031 2416 1040 2434 ·

348 2493 407 2566 De
425 2490 642 2565 Nathirdcle
660 2530 668 2546 ·
686 2486 882 2560 secundnm
898 2487 1064 2559 rentnle·

349 2604 407 2677 De
422 2603 619 2697 ⁴Rnythvyn
636 2599 858 2671 ·-secundnm
876 2597 1016 2671 rentnlc
1033 2640 1042 2659 ·
1080 2599 1085 2605 “

349 2717 407 2788 De
426 2713 656 2808 Petyndreke
673 2753 682 2769 ·
700 2706 896 2783 secundum
913 2708 1079 2784 ren'tcle·
1131 2750 1134 2757 ·

350 2828 408 2900 De
426 2824 668 2920 Kethyrhelpi
685 2861 694 2880 ·
711 2820 904 2895 secundum
922 2824 1061 2897 rentclc
1079 2866 1086 2881 ·
1213 2860 1219 2870 ·

350 2939 408 3011 De
425 2938 589 3032 Bnldnuy
605 2973 613 2993 ·
631 2933 825 3008 secundnm
843 2934 1007 3007 rentcle·

351 3165 447 3235 Item
474 3162 675 3255 inquiretur
696 3162 732 3230 in
756 3160 864 3231 curiis
881 3161 1199 3237 vicecomitatnum
1221 3160 1266 3232 de
1284 3159 1457 3234 Aberden
1474 3173 1513 3235 et
1530 3162 1576 3234 de
1594 3162 1695 3234 Banf

351 3278 396 3348 de
413 3276 542 3348 wardis
563 3272 710 3346 relcuiis
731 3269 903 3344 eschaetis
923 3281 963 3343 et
983 3270 1064 3344 eliis
1085 3272 1131 3344 nd
1157 3272 1345 3345 dominum
1372 3270 1532 3345 nostrum
1550 3272 1689 3371 Regem

350 3387 617 3481 pertinentibus
634 3385 679 3456 de
696 3383 826 3477 quibus
851 3383 1018 3454 omnibus
1041 3383 1219 3457 debentur
1240 3382 1395 3458 secunde
1412 3386 1551 3458 decime
1568 3386 1690 3481 Episc-

352 3523 420 3593 opo
437 3507 476 3570 et
492 3494 640 3571 ecclesie
657 3491 929 3567 Aberdcnenfi·

352 3611 449 3683 Item
467 3611 633 3682 dominus
649 3605 834 3701 episcopus
850 3607 959 3678 faciat
975 3607 1106 3700 inquiri
1130 3629 1196 3701 per
1211 3618 1433 3703 receptorem
1450 3608 1552 3682 snum
1568 3607 1692 3682 secun-

352 3725 479 3796 darum
495 3723 714 3795 decimarum
731 3715 759 3790 fi
776 3720 911 3791 fuerint
928 3718 1047 3814 alique
1059 3721 1146 3792 ville
1158 3721 1217 3793 vel
1230 3722 1388 3794 dominic
1403 3732 1525 3816 preter
1541 3734 1580 3794 et
1596 3723 1692 3795 ultra

352 3832 587 3929 suprascripte
604 3835 649 3905 de
666 3831 796 3925 quibus
813 3830 991 3903 debentur
1006 3828 1162 3904 secunde
1178 3833 1318 3906 decime
1335 3875 1342 3890 ·

354 3947 449 4020 Item
462 3945 734 4018 memorandum
745 3938 840 4037 qnod
851 3944 897 4015 de
907 3942 1186 4040 terrieEpiscopi
1198 3954 1237 4018 et
1249 3943 1398 4019 ccclciie
1408 3946 1531 4019 Snndti
1543 3945 1691 4020 Andrec

354 4058 591 4132 existentibus
616 4057 710 4129 infre
729 4057 1002 4129 vicecomitatns
1019 4057 1064 4128 de
1082 4056 1255 4131 Aberden
1272 4060 1374 4131 etde
1392 4057 1491 4131 Beni
1510 4057 1586 4153 ipse
1608 4057 1691 4133 sede

354 4171 477 4244 Sentii
488 4168 636 4241 Andree
646 4179 797 4241 vacante
809 4169 989 4240 debentur
997 4167 1151 4243 secunde
1162 4168 1482 4266 decimeEpisccpo
1494 4183 1532 4243 et
1543 4169 1691 4245 eccleiie

353 4277 604 4355 Aberdonenfi
621 4317 630 4336 ·
647 4281 816 4352 videlicet
833 4281 877 4353 de
891 4279 1132 4377 Monymutke
1150 4324 1159 4342 ·
1178 4284 1223 4355 de
1244 4280 1394 4377 Kynlrel
1413 4324 1422 4340 ·
1440 4284 1486 4356 de
1504 4283 1601 4378 Dyie
1618 4325 1626 4341 ·
1645 4286 1690 4358 de
1774 4314 1778 4319 ·

354 4396 471 4468 Elone
488 4402 527 4465 ct
544 4392 590 4464 dc
607 4393 774 4464 omnibus
790 4393 893 4466 aliie·
913 4402 972 4466 etc
987 4424 1013 4452 ··
