4088 5430
348 617 418 731 Ξᾷδ
861 613 1165 687 REGISTRUM
1532 613 1689 710 [sucum

349 815 513 886 Hedouis
537 812 588 883 bil
614 853 622 868 ·
646 850 654 866 ·
681 851 689 868 ·
714 835 778 907 per
803 835 931 884 manus
956 822 1079 884 tamen
1097 812 1279 884 Willelmi
1300 813 1438 884 Fechat
1456 821 1494 885 et
1507 807 1690 885 heredum

347 924 490 997 suorum
511 925 641 1017 quibus
666 924 797 995 dictam
822 933 955 995 terram
983 965 991 981 ·
1019 965 1027 981 ·
1055 965 1063 982 ·
1089 948 1154 1017 pro
1176 923 1314 995 sumnia
1338 923 1499 1018 predicta
1523 926 1569 996 ad
1597 925 1689 995 duos

349 1040 434 1110 aiini
458 1039 655 1108 terminos·
674 1077 682 1092 ·
701 1077 709 1092 ·
728 1032 882 1107 assedaui
900 1031 974 1106 fine
991 1059 1056 1128 per
1071 1059 1199 1107 maniis
1217 1059 1512 1129 quorumcunque
1535 1036 1690 1108 aliorum

349 1152 394 1222 ad
408 1173 495 1243 quos
513 1189 522 1206 ·
540 1190 548 1206 ·
568 1190 576 1205 ·
596 1149 750 1220 croftum
767 1187 775 1203 ·
792 1187 801 1202 ·
819 1186 827 1203 ·
845 1147 1052 1219 transferri·
1070 1187 1079 1203 ·
1096 1187 1105 1204 ·
1123 1150 1315 1244 contigerit
1328 1149 1468 1220 adieda
1481 1150 1697 1220 conditione

351 1258 495 1356 quodsi
517 1263 554 1332 in
577 1262 740 1333 terminis
763 1258 866 1353 supra
883 1260 986 1330 diois
1002 1258 1062 1330 vel
1087 1283 1210 1330 corum
1237 1260 1350 1331 altero
1375 1260 1536 1353 predicta
1550 1258 1692 1331 summa

351 1374 530 1446 sexdecim
556 1370 746 1443 solidorum
773 1410 781 1426 ·
807 1409 816 1426 ·
841 1409 849 1426 ·
875 1394 939 1464 per
956 1373 1089 1442 dicium
1107 1370 1337 1443 Willelmum
1364 1369 1511 1464 suosque
1538 1374 1691 1444 heredes

353 1529 361 1544 ·
381 1529 389 1544 ·
408 1528 417 1545 ·
435 1510 508 1557 non
525 1486 619 1556 soret
644 1484 831 1577 plenarie·
850 1523 858 1538 ·
878 1522 886 1540 ·
905 1481 1085 1574 persoluta
1102 1506 1148 1554 ex
1165 1493 1254 1554 tunc
1278 1484 1402 1555 licebit
1425 1485 1514 1554 mibi
1537 1495 1576 1556 et
1597 1487 1690 1556 meis

352 1593 531 1693 assignatis
547 1592 788 1689 supradistum
807 1595 961 1666 crostum
979 1632 988 1649 ·
1006 1635 1015 1652 ·
1035 1634 1043 1651 ·
1062 1591 1261 1665 adnostros
1286 1597 1446 1688 proprios
1463 1592 1545 1667 vsus
1560 1592 1693 1667 reassu-

353 1733 476 1781 mere·
493 1747 501 1764 ·
518 1744 526 1763 ·
544 1707 685 1778 Idcirco
704 1748 712 1763 ·
732 1747 740 1762 ·
761 1747 770 1764 ·
789 1704 868 1800 Ego
887 1746 895 1763 ·
915 1746 923 1763 ·
943 1744 951 1763 ·
970 1703 1147 1777 constituo
1173 1706 1377 1800 capellanos
1403 1705 1552 1780 ecclesie
1573 1700 1692 1779 Aber-

354 1816 516 1891 donensis
537 1857 545 1874 ·
566 1858 574 1873 ·
595 1857 603 1874 ·
625 1841 823 1910 eorumque
847 1827 1117 1910 procuratorem
1135 1818 1193 1889 vel
1219 1828 1466 1910 procuratores
1488 1858 1497 1875 ·
1522 1858 1530 1874 ·
1555 1859 1564 1874 ·
1589 1843 1690 1891 meos

354 1956 455 2004 veros
485 1932 715 2025 legittimus·
744 1968 752 1986 ·
780 1968 788 1984 ·
816 1925 1006 2025 assignatos
1033 1967 1041 1984 ·
1068 1929 1170 2000 Dans
1199 1939 1238 2000 et
1267 1931 1466 2002 concedens
1496 1931 1691 2024 capellanis

353 2042 578 2115 huiusmodi·
596 2081 604 2098 ·
622 2080 629 2097 ·
647 2064 765 2114 meam
791 2040 936 2134 plenam
961 2036 1178 2132 potestatem
1195 2078 1203 2096 ·
1220 2080 1255 2097 ··
1279 2043 1324 2113 ad
1350 2044 1596 2134 recipiendum
1620 2081 1629 2098 ·
1650 2082 1658 2099 ·
1683 2082 1690 2098 ·

354 2155 527 2227 summam
557 2153 737 2225 sexdecim
767 2151 960 2223 solidorum
984 2149 1218 2244 supradidzam
1243 2191 1252 2208 ·
1273 2192 1281 2207 ·
1303 2191 1311 2208 ·
1333 2163 1372 2224 et
1401 2155 1439 2223 in
1471 2148 1609 2249 siguum
1627 2193 1636 2210 ·
1654 2193 1690 2212 ··

354 2264 595 2362 assignationis
611 2289 692 2336 mee
708 2261 910 2334 huiusmodi
927 2301 935 2323 ·
953 2301 962 2319 ·
979 2301 988 2318 ·
1004 2264 1144 2334 reddidi
1162 2273 1282 2335 totum
1299 2267 1355 2335 ius
1372 2274 1411 2335 et
1428 2265 1606 2337 clameum
1620 2290 1691 2359 que

354 2380 462 2450 habui
481 2420 489 2435 ·
509 2419 517 2434 ·
536 2419 544 2434 ·
564 2378 609 2448 ad
635 2377 770 2447 didzum
796 2399 956 2446 aunuum
982 2377 1164 2446 redditum
1183 2417 1190 2432 ·
1211 2416 1219 2431 ·
1240 2416 1248 2431 ·
1267 2377 1304 2446 iu
1330 2377 1496 2447 manibus
1522 2376 1692 2450 Murdaci

355 2487 497 2563 Glastre
514 2498 603 2560 tunc
621 2490 724 2558 vuius
749 2487 965 2558 balliuorum
989 2489 1074 2558 disti
1099 2489 1204 2581 burgi
1222 2488 1267 2558 de
1285 2487 1457 2558 Aberden
1475 2490 1512 2558 in
1530 2490 1691 2561 fauorem

356 2642 365 2660 ·
384 2643 392 2659 ·
412 2643 420 2658 ·
439 2602 614 2672 ditiorum
640 2599 908 2692 capellanorum
926 2637 934 2654 ·
951 2637 960 2654 ·
977 2637 985 2654 ·
1003 2599 1075 2683 Qui
1093 2600 1237 2691 quidem
1262 2599 1418 2670 balliuus
1443 2597 1522 2692 post
1538 2596 1693 2696 ressgna·

356 2717 493 2786 tionem
518 2710 721 2783 huiusmodi
740 2751 747 2766 ·
767 2751 774 2766 ·
795 2751 803 2766 ·
822 2709 1001 2781 Nicholao
1020 2711 1172 2802 Prowdy
1188 2708 1394 2804 presbytero
1411 2721 1499 2782 tunc
1517 2713 1691 2784 ditiorum

357 2825 622 2919 capellanorum
648 2818 902 2917 assignatorum
927 2846 1090 2893 meorum
1115 2824 1336 2915 procuratori
1355 2863 1363 2878 ·
1383 2863 1391 2878 ·
1411 2862 1419 2878 ·
1438 2817 1599 2894 saisinam
1618 2865 1625 2879 ·
1650 2865 1658 2880 ·
1684 2866 1691 2881 ·

357 2939 402 3009 de
416 2939 510 3008 dicio
523 2958 643 3006 annuo
660 2935 806 3005 redditu
824 2975 832 2990 ·
851 2972 859 2988 ·
877 2972 884 2987 ·
903 2934 1052 3004 tradidit
1068 2972 1077 2989 ·
1093 2972 1102 2989 ·
1119 2932 1253 3026 ·Apud
1266 2932 1439 3004 Aberden
1453 2935 1511 3004 die
1524 2932 1693 3008 vicesimo

356 3050 458 3121 sexto
475 3044 605 3119 mensis
619 3046 802 3139 Februarij
821 3069 916 3117 anno
934 3046 1188 3117 incamatiouis
1206 3046 1384 3117 dominice
1399 3042 1589 3117 millesimo
1606 3070 1694 3139 qua-

357 3155 635 3256 dringentesimo
646 3154 915 3252 quadragesimo
929 3180 1024 3227 nono
1035 3195 1043 3212 ·
1054 3153 1218 3228 Testibus
1229 3157 1425 3228 venerabili
1436 3159 1511 3227 viro
1524 3156 1694 3253 magistro

358 3271 536 3344 Duucauo
555 3269 721 3363 Lychton
738 3268 951 3341 cancellario
968 3264 1217 3339 Aberdonensi
1235 3307 1244 3324 ·
1262 3269 1420 3361 prouidis
1437 3270 1522 3340 viris
1540 3269 1695 3342 Matheo

359 3383 497 3478 chbet
523 3425 532 3442 ·
563 3381 730 3454 Gilberto
760 3383 805 3452 de
832 3380 984 3452 Camera
1012 3372 1246 3472 burgensibus
1275 3380 1379 3473 burgi
1410 3381 1455 3451 de
1484 3379 1693 3452 Aberden·

360 3496 505 3566 domiuo
530 3493 680 3565 Andrea
703 3492 873 3585 Mauricij
900 3493 1039 3562 notario
1063 3491 1209 3582 publico
1227 3529 1235 3544 ·
1252 3500 1291 3561 et
1312 3491 1523 3564 Alexandro
1545 3492 1696 3564 Andrea

360 3629 431 3677 vno
448 3602 691 3678 feriandorum
709 3602 796 3676 dicti
814 3603 918 3698 burgi
937 3643 945 3660 ·
963 3626 1046 3674 cum
1064 3602 1189 3674 multis
1205 3601 1284 3695 alijs
1302 3644 1309 3659 ·

364 3940 473 4011 Bulla
491 3939 683 4034 Nicbolayi
701 3939 800 4034 Pape
818 3981 825 3997 ·

364 4138 600 4256 Nicholayus
624 4159 807 4256 episcopus
831 4159 954 4234 seruus
978 4158 1159 4234 seruorum
1177 4160 1249 4233 Dei
1267 4163 1406 4235 dileitis
1431 4164 1514 4258 filijs
1538 4164 1635 4236 clero
1657 4176 1702 4238 et·

364 4274 496 4369 populo
523 4275 681 4346 ciuitatis
707 4286 745 4347 et
770 4270 917 4347 diocesis
933 4270 1199 4347 Aberdonensis
1225 4273 1377 4348 salutem
1399 4287 1440 4348 et
1466 4275 1696 4372 apostolicam

364 4388 649 4459 benedittionem
671 4385 757 4459 licet
774 4397 850 4459 tam
867 4389 998 4458 veteris
1015 4410 1122 4481 quam
1140 4388 1225 4458 noui
1243 4383 1450 4459 testamenti
1475 4391 1606 4483 pagina
1620 4387 1699 4484 sep-

365 4501 495 4573 timum
519 4497 615 4569 diem
637 4497 682 4569 ad
709 4497 903 4571 humanam
927 4500 1086 4591 quictem
1107 4495 1308 4594 specialiter
1325 4501 1553 4593 deputareris
1578 4501 1699 4574 illum·
