4088 5430
344 604 416 676 286
858 591 1163 668 REGISTRUM
1525 593 1685 690 [sucum

346 806 542 871 exeuntem
568 793 756 867 annuatim
773 794 818 864 de
834 791 906 863 illis
924 791 1063 864 duobus
1080 792 1204 865 eroftis
1225 791 1427 864 iacentibus
1443 793 1482 864 in
1499 794 1687 865 territorio

347 951 355 965 ·
375 950 382 964 ·
402 949 409 964 ·
428 908 531 1001 burgi
555 907 600 977 de
616 904 788 977 Aberden
806 927 876 974 vno
894 903 1064 975 videlicet
1080 902 1117 997 ly
1133 900 1298 975 soweroft
1314 912 1443 976 vocato
1468 905 1612 977 iacente
1637 905 1689 979 ed

346 1021 456 1091 finem
485 1018 696 1089 orientalem
722 1017 807 1088 diui
836 1016 939 1109 burgi
968 1014 1065 1084 inter
1089 1016 1184 1086 vium
1213 1017 1348 1109 regium
1374 1038 1445 1108 qua
1471 1017 1545 1087 itur
1569 1018 1616 1089 ed
1647 1016 1689 1110 ly

346 1131 456 1223 futyis
485 1151 585 1220 myro
610 1152 656 1201 ex
680 1136 782 1221 purte
810 1126 936 1197 boriali
962 1147 1008 1196 ex
1034 1147 1105 1197 vna
1133 1136 1171 1197 et
1195 1137 1358 1197 montem
1386 1125 1491 1198 castri
1520 1126 1685 1200 eiusdem

346 1244 450 1337 burgi
479 1265 526 1313 ex
550 1250 651 1334 purte
676 1237 820 1311 australi
848 1238 1010 1332 purtibus
1037 1261 1083 1308 ex
1111 1237 1225 1309 altera
1250 1248 1357 1330 prout
1383 1234 1420 1308 se
1447 1239 1614 1311 extendit
1644 1241 1688 1312 in

348 1353 574 1448 longitudine
591 1376 612 1423 a
628 1351 700 1421 fine
717 1351 801 1421 (Ιίἃί
819 1351 922 1445 burgi
939 1347 1048 1440 vsque
1065 1349 1110 1420 ad
1127 1349 1307 1440 quoddam
1328 1350 1483 1420 oroftum
1501 1352 1686 1441 quondam

347 1465 484 1537 Tbome
502 1460 707 1557 Blyndseile
724 1459 846 1532 versus
870 1463 988 1532 oriens
1005 1501 1013 1516 ·
1032 1471 1070 1532 et
1088 1462 1133 1531 de
1150 1460 1263 1532 altero
1281 1462 1395 1532 erofto
1422 1462 1562 1534 incente
1586 1465 1688 1536 inter

348 1579 503 1649 eroftum
526 1575 705 1668 quondum
722 1572 879 1645 Gilberti
904 1571 1100 1664 Mengbeis
1125 1596 1171 1644 ex
1193 1581 1296 1665 purte
1321 1571 1466 1645 australi
1483 1597 1530 1646 ex
1547 1598 1619 1647 vna
1644 1587 1687 1647 et

348 1711 577 1761 oommunem
600 1689 694 1757 vium
720 1683 880 1756 eiusdem
907 1685 1010 1779 burgi
1038 1708 1148 1777 prope
1171 1684 1208 1779 ly
1231 1685 1361 1780 nrukyt
1386 1708 1487 1778 myro
1510 1710 1557 1758 ex
1579 1699 1687 1780 purte

348 1800 473 1872 boriali
499 1800 660 1893 partibus
687 1822 732 1869 ex
760 1797 874 1868 altera
897 1805 1005 1889 prout
1028 1794 1065 1868 se
1091 1797 1255 1868 extendit
1281 1799 1318 1867 in
1345 1798 1571 1892 longitudine
1588 1820 1610 1870 a
1627 1802 1688 1871 via

348 1915 446 2008 regin
462 1936 533 2004 qun
549 1913 623 1981 itur
639 1934 660 1981 a
677 1910 770 1980 didto
796 1909 909 2002 burgo
926 1905 1046 1979 versus
1071 1907 1107 2001 ly
1125 1930 1225 2002 oroys
1243 1931 1335 2001 uque
1353 1910 1398 1979 de
1416 1908 1546 1980 Donne
1564 1908 1687 1982 versus

349 2027 465 2095 oriens
494 2021 602 2115 vsque
631 2022 676 2093 ud
711 2021 748 2115 ly
773 2020 934 2113 orowkyt
963 2043 1063 2113 myre
1092 2015 1211 2090 versus
1242 2020 1407 2091 occidens
1436 2044 1500 2113 pro
1529 2023 1687 2114 quadam

349 2144 448 2208 certa
472 2132 610 2206 summu
636 2134 788 2226 pecunie
806 2155 911 2223 quum
939 2133 1055 2203 ditius
1081 2128 1248 2226 magister
1264 2131 1461 2204 Duncanus
1487 2135 1576 2205 mihi
1602 2176 1610 2190 ·
1639 2177 1647 2191 ·
1676 2178 1684 2192 ·

349 2247 573 2341 persoluebut
591 2286 599 2302 ·
619 2287 627 2302 ·
646 2285 654 2301 ·
673 2243 883 2316 Tenendum
902 2284 910 2300 ·
929 2284 936 2300 ·
956 2284 965 2300 ·
984 2245 1029 2316 de
1046 2245 1191 2314 domino
1208 2239 1326 2314 nostro
1343 2268 1427 2338 rege
1445 2285 1453 2301 ·
1472 2286 1480 2302 ·
1500 2288 1507 2303 ·
1526 2248 1563 2317 in
1578 2247 1686 2318 feodo

349 2366 388 2430 et
408 2358 608 2429 hereditate
626 2358 892 2449 imperpetuum
910 2396 918 2412 ·
936 2396 945 2411 ·
965 2395 973 2411 ·
992 2351 1073 2426 etsi
1091 2356 1279 2449 contingat
1295 2395 1304 2410 ·
1323 2396 1331 2410 ·
1351 2395 1358 2410 ·
1377 2357 1472 2447 qnod
1490 2359 1604 2429 ditius
1622 2384 1687 2431 an·

350 2493 443 2541 nnus
469 2470 630 2540 redditus
655 2491 727 2537 non
752 2469 887 2560 poterit
910 2467 954 2539 de
976 2467 1143 2560 predittis
1168 2468 1291 2538 croftis
1309 2507 1317 2522 ·
1337 2507 1345 2522 ·
1364 2508 1372 2523 ·
1391 2467 1528 2540 leuari·
1547 2512 1555 2527 ·
1575 2511 1582 2527 ·
1602 2473 1686 2543 volo

351 2623 358 2637 ·
383 2622 390 2638 ·
416 2622 423 2637 ·
446 2581 540 2673 quod
563 2620 571 2635 ·
595 2619 602 2635 ·
628 2618 636 2634 ·
660 2579 828 2650 leuetur·
848 2619 856 2635 ·
876 2618 883 2635 ·
903 2580 947 2650 de
973 2579 1051 2672 ulijs
1076 2576 1344 2671 quibuscunque
1368 2582 1491 2652 eroftis
1516 2585 1620 2655 terris
1647 2596 1687 2657 et

350 2693 570 2764 tenementis
587 2691 698 2761 meis·
714 2731 722 2746 ·
738 2731 745 2746 ·
760 2690 893 2784 Apud·
909 2730 917 2746 ·
933 2731 941 2747 ·
956 2690 1150 2762 Aberdene
1163 2692 1274 2783 xxviij
1287 2690 1412 2785 Martij
1427 2716 1521 2764 anno
1535 2693 1687 2768 Domini

351 2822 596 2876 rd.cccc.ux111
615 2842 623 2858 ·
642 2799 806 2872 Testibus
824 2842 831 2858 ·
851 2843 859 2858 ·
878 2843 886 2857 ·
905 2800 1059 2873 Ricardo
1077 2801 1122 2873 de
1140 2801 1283 2873 Kentor
1299 2825 1363 2894 pro
1380 2813 1542 2898 tempore
1558 2830 1688 2901 prepo-

352 2911 418 2987 fito
437 2914 521 2984 (Ιίἃί
538 2914 662 3007 burgi·
677 2912 842 2984 dominus
860 2913 1052 2985 Nicholnio
1066 2913 1209 3008 Proudy
1223 2954 1231 2970 ·
1246 2922 1284 2985 et
1302 2913 1463 2987 Roberto
1481 2917 1565 2990 Leis
1582 2930 1688 2994 notu·

352 3027 405 3097 rio
422 3024 564 3120 publico
581 3023 774 3116 capellanis
791 3064 800 3080 ·
814 3023 951 3096 Thomu
968 3024 1086 3118 Quelp
1103 3024 1277 3120 burgense
1294 3027 1379 3098 (ἰίἃί
1397 3027 1521 3123 burgi·
1535 3030 1688 3106 Andren

354 3137 541 3232 byobtone
559 3177 568 3193 ·
586 3146 625 3208 et
641 3135 851 3207 Alexandro
868 3135 1015 3208 Andree
1032 3135 1193 3209 feriando
1210 3178 1218 3195 ·

354 3473 464 3548 Curta
479 3471 655 3544 Jobannis
673 3469 866 3543 Budenaeb
882 3471 928 3543 de
945 3470 1153 3568 Inuerowry
1170 3474 1215 3545 de
1231 3475 1294 3568 xiij
1312 3470 1373 3546 sol.
1390 3476 1441 3571 iiij
1455 3477 1608 3572 denarije
1626 3522 1634 3537 ·

355 3669 388 3772 J
392 3698 550 3769 ohannes
567 3695 612 3765 de
630 3692 821 3766 Budenneh
845 3692 1030 3789 burgensis
1047 3695 1092 3766 de
1109 3693 1317 3791 Inuerowry
1333 3739 1342 3754 ·
1360 3739 1369 3754 ·
1388 3738 1396 3755 ·
1416 3699 1603 3776 Noueritis
1626 3728 1687 3778 me

356 3853 365 3868 .
384 3853 392 3868 .
411 3849 419 3866 ·
438 3802 657 3879 vendidisse·
676 3846 684 3862 ·
704 3846 712 3863 ·
730 3804 897 3899 magistro
916 3805 1093 3877 Dunonno
1107 3806 1294 3901 Lyehtone
1311 3811 1523 3884 enneellurio
1539 3812 1687 3888 eoolefie

356 3913 622 3993 Aberdonenfis
639 3957 648 3973 ·
667 3957 674 3974 ·
694 3956 702 3973 ·
720 3916 902 3988 redditum
927 3917 992 4010 xiij
1008 3914 1070 3988 sol.
1094 3927 1131 3988 et
1155 3919 1204 4012 iiij
1224 3919 1304 3991 den.
1323 3960 1331 3977 ·
1349 3961 1358 3976 ·
1377 3962 1386 3978 ·
1404 3933 1598 3996 exeuntem
1623 3950 1688 3999 an-

356 4030 496 4104 nuatim
513 4030 558 4099 de
575 4027 647 4099 illis
664 4026 745 4100 odio
763 4029 946 4121 pertinetis
963 4068 971 4085 ·
990 4069 998 4086 ·
1017 4069 1025 4086 ·
1044 4038 1218 4101 terrarum
1234 4031 1422 4104 arabilium
1438 4058 1521 4107 eum
1538 4037 1688 4134 edifieijr

356 4141 556 4216 inuentibus
574 4163 620 4211 ex
637 4139 850 4211 occidentali
868 4141 953 4211 ditti
979 4141 1081 4236 burgi
1105 4164 1255 4234 quarum
1280 4153 1353 4216 tres
1375 4147 1550 4238 pertineto
1566 4150 1687 4224 iacent

356 4259 452 4328 inter
467 4262 599 4323 terrum
615 4249 790 4322 Jobennis
815 4250 934 4324 olerioi
951 4276 997 4324 ex
1014 4262 1116 4347 purte
1132 4250 1275 4327 australi
1292 4279 1339 4328 ex
1355 4267 1457 4351 perte
1474 4284 1545 4333 vnn
1559 4272 1599 4333 et
1613 4272 1688 4336 ter-

356 4389 432 4440 rum
450 4362 620 4435 Riohurdi
638 4360 790 4434 Roberti
807 4386 853 4435 ex
870 4372 972 4458 purte
995 4365 1119 4438 boriali
1144 4367 1305 4460 pertibus
1321 4392 1369 4440 ex
1385 4369 1499 4443 altera
1522 4384 1629 4465 prout
1650 4372 1687 4448 se

357 4475 562 4553 extendunt
589 4474 628 4545 in
655 4472 880 4569 longitudine
904 4498 927 4548 n
950 4477 1009 4550 ria
1032 4479 1130 4574 regin
1154 4475 1273 4553 versun
1301 4482 1420 4554 oriens
1443 4480 1553 4579 vsque
1575 4487 1622 4559 ed
1650 4487 1687 4561 le
