4088 5430
463 635 534 700 380
810 716 816 723 ¹
990 630 1294 707 REGISTRUM
1646 638 1809 733 [ancum
1884 626 1888 635 ’

463 827 701 923 'l'ulynestin-
1132 830 1265 905 Ellonc
1296 858 1380 906 cum
1411 834 1582 908 consensu
1608 838 1813 909 monacho-

466 940 676 1015 Dulmaok·
1183 968 1264 1016 rum
1299 958 1339 1018 vt
1373 949 1410 1018 in
1456 949 1670 1020 fundatione
1710 951 1813 1019 dicte

466 1052 686 1128 Phillortht·
1183 1059 1366 1150 prebende
1384 1101 1392 1115 ·

465 1164 646 1240 Rothwen
671 1169 857 1242 alternatis
884 1170 1020 1240 vicibus
1044 1177 1085 1239 vt
1136 1166 1225 1243 Deir
1242 1193 1326 1241 cunr
1339 1168 1512 1243 consensu
1524 1174 1813 1243 monachorum·

389 1309 398 1326 ·
516 1280 552 1349 in
570 1277 717 1375 registro
738 1282 874 1352 rubeo·

868 1505 984 1577 Extra
1001 1501 1187 1577 ecclesiam
1205 1506 1380 1579 beneficia
1396 1548 1404 1563 ·

466 1616 634 1799 Reptoria
647 1621 692 1690 dc
710 1619 914 1690 Fethirneir
938 1617 1156 1690 beneficium
1174 1618 1219 1689 ad
1237 1625 1380 1712 tempus
1398 1630 1436 1691 et
1454 1617 1506 1691 est
1523 1621 1568 1690 de
1585 1621 1814 1712 proprietate

465 1752 522 1822 epr
538 1752 617 1822 copr
634 1769 642 1784 ·

467 1952 612 2026 Vicaria
636 1951 859 2048 pensionaria
884 1955 929 2025 dc
946 1952 1142 2026 Aberdene
1168 1955 1366 2026 duodecem
1391 1978 1591 2028 marcarum
1608 1965 1649 2025 vt
1666 1958 1706 2025 in
1724 1956 1812 2027 albo

464 2063 613 2160 registro
638 2068 847 2138 continetur
863 2064 917 2137 set
934 2088 999 2158 pro
1017 2063 1084 2137 isto
1105 2090 1203 2138 nunc
1221 2068 1352 2138 vicario
1378 2075 1523 2138 tantum
1549 2077 1814 2161 augmentatur

465 2174 528 2249 fibi
544 2176 657 2249 solum
667 2201 731 2271 pro
744 2187 907 2271 tempore
917 2176 979 2249 suo
993 2200 1076 2248 cum
1090 2176 1261 2251 consensu
1273 2179 1421 2271 capituli
1433 2190 1472 2250 vt
1483 2182 1521 2249 in
1537 2176 1599 2250 sua
1611 2179 1814 2251 collatione

465 2286 616 2383 desuper
632 2291 794 2361 conscita
810 2290 919 2361 latius
937 2291 1145 2360 continetur
1162 2298 1200 2360 et
1218 2288 1272 2361 est
1289 2291 1501 2386 alteragium
1520 2300 1557 2362 et
1576 2292 1645 2361 fuit
1664 2291 1710 2362 de
1727 2315 1814 2384 pro-

464 2405 617 2494 prietate
636 2401 792 2496 episcopi
811 2445 818 2458 ·

762 2513 908 2586 Vicaria
925 2516 970 2585 de
987 2511 1196 2608 Tulynestin
1214 2553 1222 2568 ·

764 2626 908 2699 Vicaria
926 2627 971 2697 de
989 2624 1195 2697 Dulmaok·

764 2738 910 2810 Vicaria
928 2740 973 2809 de
991 2736 1085 2832 Tyry
1104 2778 1111 2794 ·

765 2849 911 2922 Vicaria
928 2852 973 2920 de
992 2849 1217 2920 Rothwene·

766 2960 912 3033 Vicaria
929 2958 1153 3053 penfionana
1170 2963 1215 3033 de
1234 2963 1417 3036 Philortht
1436 3004 1443 3020 ·

862 3185 1071 3280 Capellanie
1088 3185 1181 3257 infra
1198 3183 1405 3259 ecclesiam·

402 3330 406 3335 ·
466 3302 675 3397 Capellania
691 3301 736 3371 dc
754 3296 957 3370 Wcsthall·

467 3415 634 3487 Rcttoria
650 3410 759 3485 sancti
779 3411 898 3481 Petri·

467 3528 675 3622 Capellania
692 3519 850 3595 eiusdem
868 3520 979 3592 santii
999 3520 1097 3592 Petri
1117 3564 1124 3578 ·

467 3639 675 3733 Capellania
697 3660 761 3729 pro
786 3636 905 3705 anima
924 3633 1061 3703 Thome
1082 3631 1199 3727 Spens
1223 3633 1378 3728 episcopi
1401 3658 1464 3728 pro
1494 3628 1677 3705 canonista
1704 3631 1813 3728 assig-

468 3763 553 3824 nata
583 3792 590 3808 ·
621 3749 670 3819 Et
704 3748 773 3818 alie
804 3745 941 3816 diuerl'e
975 3745 1174 3837 capellanie
1208 3747 1301 3817 infra
1336 3742 1521 3818 ecclesiam
1552 3748 1612 3837 qui
1639 3746 1697 3816 hic
1734 3771 1811 3817 non

465 3872 721 3935 enumerantur
738 3902 745 3915 ·

717 4084 762 4155 In
781 4081 931 4156 ecclelia
946 4082 1044 4153 beati
1068 4080 1249 4173 Nicholaij
1269 4083 1314 4152 de
1331 4082 1553 4153 Aberdene·

468 4199 676 4292 Capellania
700 4199 806 4269 beate
833 4193 951 4266 Marie
970 4193 1189 4288 Magdalene
1207 4195 1252 4264 ad
1270 4193 1384 4265 altare
1409 4190 1569 4264 ciusdem
1595 4194 1633 4262 in
1656 4193 1812 4267 ecclelia

468 4312 566 4381 beati
584 4309 763 4400 Nicholaij
783 4309 827 4378 de
845 4307 1039 4377 Aberdene
1057 4315 1238 4377 annexata
1255 4301 1483 4376 studentibus
1500 4306 1538 4374 in
1555 4306 1633 4375 iure
1650 4304 1752 4397 ciuilj
1773 4348 1781 4362 ·

469 4422 677 4516 Capellania
693 4418 802 4513 sandlj
823 4419 997 4512 Stephani
1017 4420 1054 4487 in
1072 4419 1198 4488 eadem
1217 4412 1366 4488 ecclesia
1384 4417 1481 4506 beatj
1502 4414 1669 4507 Nicholaj
1689 4456 1697 4471 ·
