4088 5430
367 630 472 724 una]
834 630 1234 703 ABERDONENSE.
1656 642 1698 705 15

363 830 407 899 ‹le
433 828 552 901 Slanis
575 872 583 887 ·
603 830 653 898 W
657 830 792 901 illelmo
813 830 900 902 Prat
923 831 1115 901 ·J0banne
1141 832 1275 902 decano
1300 870 1308 886 ·
1329 830 1485 902 Farbard
1511 832 1629 904 iudice
1656 835 1700 904 de

362 939 512 1012 Buehan
525 980 533 997 ·
547 940 707 1013 Roberto
724 942 909 1034 capellano
927 965 1007 1012 meo
1020 981 1027 996 ·
1042 943 1179 1014 Jacobo
1197 943 1326 1013 clerico
1340 981 1348 995 ·
1362 966 1443 1012 cunr
1462 943 1586 1014 multis
1603 944 1698 1016 aliis·

361 1276 470 1348 Carta
492 1280 761 1371 exemptionum
786 1274 1013 1349 ecclesiarum
1036 1280 1280 1348 communium
1299 1303 1320 1350 a
1337 1276 1511 1350 solutione
1535 1303 1699 1372 procura-

361 1391 500 1460 tionum
518 1400 556 1461 et
574 1391 723 1461 aliarum
747 1392 972 1461 exattionurn
991 1414 1054 1483 per
1072 1389 1301 1482 Radulplmm
1320 1390 1522 1485 episcopum
1541 1433 1548 1447 ·

360 1586 550 1685 Omnibus
568 1610 696 1683 Christi
714 1612 880 1683 fidelibus
906 1613 968 1684 bas
993 1613 1133 1683 litteras
1151 1611 1274 1683 visuris
1292 1613 1348 1683 vel
1370 1616 1544 1685 audituris
1563 1616 1697 1686 Radal-

358 1726 449 1817 pbus
478 1720 702 1816 permiffione
733 1726 855 1796 diuina
884 1722 1030 1797 ecclesie
1056 1723 1337 1795 Abbirdonensrs
1364 1723 1523 1797 minister
1552 1728 1696 1799 humilis

358 1835 509 1907 sulutem
535 1874 543 1889 ·
567 1834 724 1907 Nouerit
749 1833 960 1907 uniuersitas
989 1832 1105 1907 vestra
1131 1858 1189 1906 me
1215 1837 1374 1907 caritatis
1403 1836 1532 1909 assessu
1558 1850 1595 1910 et
1620 1841 1696 1932 3elo

358 1949 470 2018 diuini
488 1946 606 2017 cultus
624 1948 817 2041 ampliandi
843 1943 1008 2020 ecclesias
1029 1950 1232 2019 communie
1249 1947 1396 2040 capituli
1415 1946 1696 2022 Abbirdonensrs

357 2060 505 2129 collatas
523 2069 560 2129 et
579 2059 623 2129 de
641 2071 762 2130 cetero
782 2060 1015 2131 conserendas
1033 2060 1078 2130 ab
1095 2060 1308 2129 omnimodis
1333 2062 1640 2152 procurationibus
1657 2076 1695 2135 et

356 2171 434 2263 alijs
461 2172 707 2242 exactionibus
734 2172 778 2242 ad
807 2195 865 2242 me
895 2182 932 2242 et
960 2167 1169 2242 successores
1196 2194 1295 2242 meos
1316 2173 1398 2264 jure
1428 2171 1613 2245 diocesano
1637 2176 1693 2245 vel

356 2305 569 2374 quocunque
598 2283 705 2352 modo
735 2282 805 2353 alio
834 2284 1098 2375 pcrtinentibus
1127 2281 1183 2352 vel
1214 2285 1393 2376 pertinere
1423 2284 1627 2357 valentibus
1656 2290 1692 2357 in

356 2397 515 2466 futurum
551 2395 680 2466 liberas
714 2397 853 2486 quietas
884 2397 1147 2488 imperpetuum
1178 2390 1341 2465 clamasse
1371 2408 1407 2466 et
1442 2398 1620 2468 immunes
1655 2410 1693 2470 vt

355 2508 515 2577 canonici
546 2507 680 2576 ibidem
707 2506 786 2576 Deo
814 2516 853 2576 et
882 2508 988 2577 beate
1015 2505 1134 2577 Maria
1163 2504 1358 2577 semientes
1388 2517 1427 2578 et
1456 2504 1619 2580 seruituri
1651 2535 1693 2581 eo

354 2618 562 2711 diligentius
581 2616 783 2688 deseruiant
801 2631 838 2687 et
856 2618 1027 2688 libentius
1053 2614 1228 2688 resulcant
1245 2640 1316 2708 quo
1334 2618 1476 2689 vberius
1493 2630 1530 2690 et
1548 2620 1693 2692 liberius
1792 2648 1796 2655 ·

353 2729 447 2800 bona
464 2730 508 2799 ad
526 2731 765 2800 communiam
782 2727 976 2822 spectantia
993 2732 1188 2822 recipiant·
1204 2728 1246 2799 ln
1261 2729 1366 2823 hujus
1383 2734 1433 2801 rei
1447 2730 1691 2804 testimonium

355 2838 467 2935 sigillo
485 2865 566 2912 meo
584 2865 655 2911 una
673 2865 755 2911 cum
773 2839 1087 2933 subscriptionibus
1104 2844 1355 2912 canonicorum
1376 2842 1577 2935 presentem
1595 2850 1692 2939 pagi-

353 2977 435 3024 nam
462 2954 624 3024 roboraui
651 2955 745 3045 apud
773 2950 999 3047 [canoniam]
1019 2954 1064 3022 de
1082 2953 1268 3024 Abbirdon
1297 2955 1355 3024 die
1373 2952 1539 3027 vicesimo
1562 2954 1691 3028 mensis

353 3063 507 3159 Augusti
526 3089 619 3136 anno
634 3065 780 3136 Domini
798 3060 986 3135 millesnno
1004 3059 1246 3135 ducentesimo
1264 3063 1531 3159 quadragesimo
1544 3108 1552 3124 ·
1565 3068 1600 3138 (Ι
1612 3069 1691 3163 Ego

357 3176 532 3248 Robertus
559 3179 714 3247 decanus
740 3175 918 3247 subscribo
940 3215 948 3231 ·
966 3176 1001 3246 (Ι
1019 3175 1097 3270 Ego
1118 3176 1142 3246 J
1159 3214 1168 3231 ·
1191 3188 1316 3247 cantor
1340 3175 1517 3250 subscribo
1534 3218 1542 3235 ·
1561 3180 1595 3250 (Ι
1612 3180 1691 3276 Ego

354 3288 424 3355 W·
444 3288 682 3359 thesaurarius
700 3286 899 3360 subscribo·
916 3288 950 3358 (Ι
968 3286 1046 3381 Ego
1063 3288 1247 3358 lohannes
1264 3290 1496 3359 cancellarius
1514 3290 1690 3364 subscribo

352 3441 359 3453 ·
384 3399 418 3469 (Ι
444 3400 521 3493 Ego
545 3400 755 3471 Willelmus
785 3404 976 3472 canonicus
1007 3399 1185 3470 subscribo
1212 3440 1220 3457 ·
1247 3399 1282 3469 (Ι
1307 3400 1357 3470 Et
1387 3425 1453 3495 ego
1481 3402 1689 3474 Willelmus

351 3515 543 3582 canonicus
567 3510 742 3582 subscribo
761 3552 769 3568 ·
789 3510 824 3580 (Ι
842 3512 919 3605 Ego
940 3514 972 3582 R
990 3556 998 3570 ·
1018 3514 1209 3584 canonicus
1235 3522 1274 3582 et
1300 3513 1458 3583 ollioialis
1484 3511 1689 3586 subscribo·

351 3622 385 3692 (Ι
403 3623 480 3716 Ego
500 3623 695 3693 Erlwardus
723 3625 915 3695 canonicus
932 3624 1109 3696 subscribo
1128 3666 1135 3680 ·
1155 3623 1190 3693 (Ι
1207 3623 1285 3716 Ego
1308 3625 1471 3695 robertus
1497 3630 1688 3699 canonieus

351 3734 527 3805 subscribo
544 3772 552 3789 ·
571 3733 605 3803 (Ι
624 3734 701 3825 Ego
722 3731 897 3825 gilbertus
918 3739 1110 3809 canonicus
1127 3733 1304 3806 subscribo
1321 3774 1328 3790 ·
1348 3735 1383 3805 (Ι
1400 3736 1478 3831 Ego
1496 3734 1688 3831 stephanus

351 3850 541 3917 canonicus
558 3842 735 3915 subscribo
752 3881 760 3897 ·

350 4184 459 4249 Carta
475 4176 705 4251 concessionis
724 4180 834 4252 libere
852 4180 981 4253 foreste
999 4184 1044 4251 de
1061 4179 1216 4252 Brull'et
1235 4182 1471 4255 Fetbimeia·

349 4380 571 4475 Alexander
593 4402 662 4475 Dei
686 4406 802 4497 gratia
827 4428 890 4476 rex
917 4402 1124 4474 Scottorum
1152 4406 1318 4475 omnibus
1341 4407 1459 4499 probis
1482 4409 1685 4480 hominibus

349 4517 459 4587 totius
477 4525 572 4587 terre
589 4513 650 4587 sua
667 4514 816 4588 salutern
835 4554 844 4572 ·
862 4516 992 4590 Sciatis
1009 4516 1104 4608 quod
1123 4512 1355 4589 concessimus
1373 4520 1566 4591 venerabili
1592 4524 1684 4613 patri
