4088 5430
347 636 417 712 372
854 622 1160 697 REGISTRUM
1530 625 1692 720 [secum

671 824 820 896 Balfour
836 826 859 915 ij
878 835 1018 895 aratra·
1036 818 1213 917 graffuma
1229 847 1272 891 ·v·
1291 825 1354 895 lib·

347 941 525 1016 alledatur
536 962 600 1032 pro
618 960 662 1005 ·v·
677 935 738 1008 lib·
758 939 813 1029 -vj·
827 939 856 1008 i·
870 937 953 1029 ·viij·
967 933 1003 1007 d·
1017 937 1055 1005 in
1073 959 1168 1007 anno
1182 977 1190 993 ·
1206 960 1277 1009 vna
1287 947 1405 1009 marta
1417 939 1461 1030 ij·
1473 938 1694 1009 mutonibus

348 1059 396 1149 ij·
414 1055 513 1126 aucis
531 1053 563 1143 ·j·
581 1052 616 1121 b·
635 1049 846 1120 viiiualium
863 1071 928 1142 per
944 1048 1105 1119 medium
1124 1049 1155 1140 ·j·
1173 1051 1208 1120 n
1224 1073 1422 1121 auenarum
1442 1073 1525 1122 eum
1552 1049 1693 1144 pabulo

349 1167 406 1259 ·vj·
424 1165 567 1260 gallinis
585 1172 623 1234 et
640 1158 801 1257 seruicijs
812 1169 850 1232 et
869 1162 929 1252 ·iij·
941 1162 969 1232 ἔ·
984 1159 1057 1252 ·iiij·
1070 1155 1106 1228 d·
1120 1183 1185 1253 pro
1199 1162 1377 1256 bondagio
1391 1172 1429 1233 et
1447 1164 1503 1255 ·vj·
1518 1162 1695 1233 oneribus

348 1280 373 1350 li
426 1300 549 1348 orum·

347 1303 506 1462 illanni
526 1382 620 1458 Roll
662 1440 671 1456 .
776 1442 783 1456 .
887 1388 948 1478 iiij·
967 1384 1002 1456 li·
1053 1380 1210 1456 cristine
1228 1383 1519 1456 vidne'lurnour
1570 1386 1633 1481 iiij·
1653 1391 1691 1459 li

349 1500 528 1573 Duneano
547 1497 813 1570 Dauidsone.·
884 1500 947 1589 iiij·
964 1498 1000 1567 b·
1052 1496 1209 1567 Patricio
1227 1495 1467 1568 Andersoune
1571 1500 1637 1592 iiij·
1652 1499 1692 1568 b·

500 1724 715 1818 Kynmonty
733 1725 757 1815 ij
776 1733 894 1795 aratra
911 1761 919 1777 ·
936 1718 1112 1816 grelluma
1130 1742 1174 1788 ·v·
1193 1721 1256 1791 lib·
1275 1724 1330 1814 ·vj·
1348 1724 1377 1793 ἔ·
1398 1724 1481 1817 ·viij·
1500 1721 1534 1794 d·

349 1835 527 1910 alledatur
544 1861 608 1930 pro
621 1837 679 1928 ·vj·
694 1835 756 1906 lin
768 1837 806 1906 in
825 1858 939 1906 anno·
953 1857 1023 1905 vna
1033 1841 1150 1904 marta
1168 1834 1214 1925 ·ij·
1232 1836 1443 1906 mutonibus
1461 1838 1505 1928 ·ij·
1520 1837 1619 1908 aucis
1636 1839 1694 1929 ·vj·

348 1950 492 2044 gallinis
512 1951 543 2043 ·j·
561 1950 595 2018 li·
616 1970 813 2018 auenarum
840 1970 923 2017 num
949 1944 1082 2040 pabulo
1100 1946 1160 2037 iij·
1179 1947 1209 2016 ἔ·
1229 1946 1301 2038 iiij-
1319 1943 1355 2017 d·
1374 1969 1437 2039 pro
1459 1948 1639 2043 bondagio
1657 1952 1691 2043 ·j·

348 2063 384 2132 b·
403 2061 613 2132 vi&ualium
632 2069 669 2130 ei
688 2060 745 2152 ·vj
759 2059 929 2131 oneribus
947 2059 1148 2153 lignorum·

348 2173 506 2244 iohanni
524 2171 690 2242 Turnonr
793 2224 800 2240 .
904 2172 948 2262 vj·
965 2171 1001 2240 li·
1052 2165 1235 2240 Macolmo
1254 2169 1434 2243 Willelmi
1504 2227 1511 2241 .
1574 2176 1638 2268 iiij·
1656 2178 1693 2246 li

349 2284 486 2356 Thome
506 2284 666 2355 Durvart
793 2324 800 2340 ·
911 2284 945 2374 ij·
965 2282 999 2351 b·
1051 2280 1210 2352 Johanni
1228 2282 1543 2379 Turnourjuniori
1574 2289 1637 2379 iiij·
1656 2291 1693 2359 li

467 2530 473 2539 ·
626 2507 729 2580 Villa
746 2502 894 2579 ecclesie
911 2508 935 2597 ij
955 2514 1072 2576 aratra
1091 2502 1288 2599 ·grelsuma
1305 2531 1348 2577 ·v·
1368 2508 1429 2579 lis·

349 2618 528 2694 alledatur
539 2645 602 2714 pro
615 2644 657 2688 ·v·
670 2619 733 2690 lin·
750 2622 807 2713 -vj·
821 2622 848 2691 ἔ·
864 2621 947 2711 ·viij·
963 2615 998 2687 d·
1012 2619 1048 2687 in
1068 2639 1163 2687 anno
1182 2641 1275 2689 ·vna
1292 2630 1409 2691 marta
1421 2622 1465 2713 ij·
1479 2626 1693 2697 mutonibus

349 2737 381 2826 ·j·
400 2735 436 2803 'n-
456 2733 665 2803 viilualiuin
695 2733 726 2824 ·j·
753 2733 789 2801 b·
817 2754 1013 2802 auenarum
1035 2752 1119 2801 cum
1142 2731 1275 2822 pabulo
1295 2733 1340 2823 ·ij·
1358 2736 1457 2804 aucis
1474 2736 1528 2827 ·vj·
1545 2736 1693 2830 gallinis
1830 2762 1835 2767 ·

348 2849 406 2940 iij·
425 2848 453 2917 ἓ·
474 2845 545 2937 ·iiij·
566 2842 600 2914 (1-
617 2868 682 2937 [πο
701 2845 879 2938 bondagio
897 2867 980 2915 eum
999 2840 1156 2933 seruicijs
1175 2851 1212 2913 et
1231 2844 1287 2936 ·vj·
1300 2847 1469 2917 oneribus
1487 2847 1691 2942 lignorum·

650 2957 806 3028 Ricardo
825 2953 1063 3026 Findelasone
1166 3007 1173 3023 .
1276 2957 1347 3049 viij·
1364 2959 1399 3027 li·

650 3069 862 3139 Alexandro
881 3065 974 3138 Reid
1057 3119 1065 3136 .
1167 3121 1176 3136 .
1277 3071 1348 3161 viij·
1364 3071 1400 3140 b·

649 3291 867 3384 Tulysnnelit
886 3293 909 3383 ij
928 3301 1046 3361 aratra
1062 3329 1072 3346 ·
1088 3287 1265 3385 greffnma
1284 3315 1326 3359 ·v·
1346 3293 1407 3363 lib·

349 3407 525 3482 alledalur
539 3430 604 3500 pro
622 3408 676 3497 ·vj·
696 3404 758 3473 lili·
777 3406 812 3473 in
832 3427 927 3474 anno
946 3443 953 3458 ·
970 3425 1041 3472 vna
1053 3412 1171 3474 marta
1188 3405 1234 3495 ij·
1253 3407 1464 3477 mutonibus
1481 3408 1526 3499 ·ij·
1541 3411 1640 3479 aucis
1660 3414 1693 3503 ·j·

349 3525 383 3592 li
402 3520 612 3593 vielualium
632 3519 663 3610 ·j-
682 3519 717 3588 li·
737 3539 933 3587 auenarum
954 3511 1011 3608 vj·
1029 3514 1173 3608 gallinis
1192 3525 1230 3585 et
1248 3517 1306 3608 iij·
1324 3517 1353 3586 ἔ·
1374 3519 1446 3610 ·iiij-
1465 3516 1499 3588 d·
1519 3543 1582 3612 pro
1601 3521 1694 3593 bon-

350 3637 454 3728 dagio
472 3643 510 3703 et
528 3629 687 3722 seruicijs
705 3638 743 3698 et
762 3628 817 3720 ·vj·
838 3628 1005 3697 oneribus
1022 3626 1222 3720 lignorum·
1310 3700 1313 3705 ,

699 3738 819 3811 Dauid
838 3735 932 3808 Rois
1024 3791 1032 3806 .
1134 3739 1195 3830 xij·
1218 3739 1361 3810 bonate·

699 3852 835 3922 Jacobo
857 3847 950 3921 Roll
1023 3905 1030 3919 .
1133 3852 1193 3942 iiij·
1210 3849 1245 3920 b·

350 4195 527 4271 alledatur
543 4215 606 4285 pro
626 4214 672 4258 ·v·
691 4189 754 4258 lili·
773 4187 827 4278 ·vj·
846 4188 874 4257 ἔ·
895 4189 976 4280 aiij·
995 4185 1030 4257 ‹l-
1050 4189 1086 4256 in
1101 4210 1196 4257 anno
1215 4227 1223 4242 ·
1243 4211 1313 4259 vna
1331 4200 1448 4263 marta
1466 4194 1510 4285 .ij-
1530 4204 1693 4271 mut-oni.

349 4315 416 4383 bns
435 4310 466 4399 ·j·
482 4309 516 4377 n·
534 4302 743 4373 viilualium
763 4299 794 4390 i·
811 4299 846 4368 b·
864 4322 1061 4370 anenarum
1088 4300 1133 4390 ·ij·
1162 4301 1260 4370 aucis
1288 4302 1343 4393 -vj·
1361 4302 1505 4396 gallinis
1523 4316 1562 4376 et
1580 4311 1643 4403 ·iij·
1661 4315 1689 4383 ἓ.

351 4424 421 4514 fiij·
441 4417 475 4489 d·
495 4441 558 4512 pro
575 4414 753 4505 bondagio
770 4434 852 4481 cum
870 4407 1028 4504 seruicijs
1045 4419 1084 4482 et
1102 4411 1155 4502 ·vj·
1174 4413 1342 4484 oneribus
1360 4413 1559 4509 lignorum·
