4088 5430
349 610 396 675 24
866 600 1172 676 REGISTRUM
1540 602 1691 698 [sucum

333 802 450 895 supro
483 803 585 898 usipus
617 799 733 894 Hujus
765 802 871 899 igitur
903 810 935 873 ct
950 801 1112 897 sequitur
1141 842 1149 857 ·
1181 799 1301 894 Hujus
1336 802 1446 895 igitur
1479 802 1693 873 auctoritate

349 914 510 984 mandati
529 913 676 986 Abbata
693 924 731 983 et
748 923 929 984 conventu
948 914 993 984 de
1011 912 1189 984 Lundoris
1212 913 1347 984 ordinis
1368 908 1479 983 sanai
1505 912 1693 984 Benedicti

350 1023 460 1096 sandi
491 1023 639 1096 Andree
670 1021 817 1096 diocesis
851 1049 914 1118 per
946 1034 1213 1118 procuratorem
1248 1025 1427 1120 legittime
1457 1020 1694 1096 constitutum

350 1139 490 1208 vicariis
516 1160 599 1207 vero
626 1132 843 1231 singularum
868 1132 1097 1208 ecclesiarum
1123 1160 1211 1229 quas
1235 1137 1373 1208 babent
1397 1138 1436 1207 in
1462 1132 1591 1208 diocesr
1616 1136 1695 1208 Ab·

350 1244 562 1320 berdonensr
596 1245 807 1340 quibusdam
840 1247 1074 1343 personaliter
1106 1247 1316 1342 quibusdam
1350 1272 1415 1342 per
1447 1257 1694 1341 procuratores

351 1361 531 1454 legittime
560 1357 774 1431 constitutos
803 1385 923 1432 coram
953 1361 1056 1432 nobis
1086 1361 1375 1454 comparentibus
1404 1362 1442 1431 in
1470 1358 1620 1433 ecclesia
1649 1362 1694 1433 de

352 1473 570 1565 Banquhory
584 1482 688 1565 terny
700 1496 794 1543 anno
811 1476 926 1568 gratie
942 1471 1131 1544 millesimo
1145 1468 1389 1546 ducentesrmo
1403 1470 1694 1568 quinquagesimo

353 1586 411 1655 die
424 1584 448 1655 J
450 1585 526 1654 ovis
543 1573 706 1677 proxime
722 1582 801 1677 post
819 1581 948 1656 festum
960 1582 1071 1656 sandi
1084 1584 1185 1656 Petri
1198 1586 1242 1656 ad
1257 1584 1402 1657 vincula
1414 1585 1472 1656 die
1485 1587 1693 1678 precedenti

244 1720 247 1725 ·
353 1698 593 1767 continuata·
614 1696 846 1768 facultatibus
872 1692 1089 1791 singrrlamm
1117 1693 1344 1768 ecelesiarum
1374 1694 1530 1790 ipsorum
1555 1698 1695 1770 abbatis

354 1819 392 1879 et
418 1818 616 1880 conventus
642 1809 687 1880 do
714 1808 892 1880 Lundoris
917 1811 954 1879 in
981 1805 1187 1902 episcopatu
1202 1804 1478 1880 Abberdonensr
1504 1808 1696 1904 diligenter

353 1921 574 2020 lblliciteque
585 1919 741 2015 pensatis
752 1920 872 1992 Deum
885 1922 1061 1992 habentes
1071 1943 1134 2013 pre
1144 1920 1258 1991 oculis
1270 1922 1465 2013 habitoque
1477 1922 1696 2014 prudentum

354 2036 510 2102 virorum
531 2042 570 2104 et
588 2031 876 2126 jurisperitorum
902 2028 1048 2103 consrlio
1069 2040 1185 2104 certas
1210 2035 1248 2103 in
1273 2028 1357 2126 ipsrs
1378 2042 1416 2104 et
1440 2034 1696 2105 determinatas

354 2142 616 2217 sententialiter
633 2147 836 2219 taxavimus
851 2146 998 2216 vicarias
1015 2153 1053 2215 et
1071 2145 1115 2215 de
1132 2146 1367 2238 proventibus
1384 2143 1538 2238 ipsarum
1556 2144 1698 2218 ecclesi-

354 2281 455 2327 arum
472 2281 537 2350 per
550 2259 797 2351 juramentum
816 2253 1035 2351 srngulorum
1053 2258 1264 2329 vicariorum
1291 2280 1411 2329 coram
1437 2258 1539 2329 nobis
1556 2282 1698 2352 compa·

355 2371 512 2441 rentium
542 2380 581 2440 et
608 2379 880 2463 procuratorum
908 2368 1119 2441 vicariorum
1149 2366 1350 2440 absentium
1380 2369 1602 2462 aliorumque
1627 2371 1697 2441 fide

355 2483 544 2576 dignorum
579 2484 718 2553 vicariis
756 2477 974 2576 singularum
1012 2476 1242 2553 ecclesiamm
1280 2505 1455 2576 congruas
1493 2485 1530 2552 in
1565 2482 1696 2554 eisdem

355 2589 607 2688 affignauimus
623 2596 806 2687 portiones
818 2593 1048 2686 vi3·Vicarie
1066 2594 1110 2663 de
1125 2591 1261 2686 Fyntre
1278 2601 1404 2665 taxate
1421 2595 1547 2665 decem
1565 2603 1604 2665 et
1616 2597 1697 2665 osto

355 2728 491 2777 mareas
516 2715 636 2776 totum
657 2705 868 2800 alteragium
894 2700 1002 2797 ipsius
1027 2700 1176 2776 ecolesre
1193 2729 1276 2776 cum
1294 2728 1364 2777 vna
1380 2730 1462 2778 acra
1477 2717 1574 2778 terre
1595 2709 1698 2779 iuxta

355 2821 540 2889 matricem
555 2813 738 2890 ecclesiam
756 2818 800 2889 ad
818 2815 981 2889 mansum
994 2827 1032 2888 et
1045 2839 1128 2888 cum
1147 2818 1343 2889 medietate
1356 2819 1495 2889 decime
1507 2820 1696 2914 garbarum

356 2942 451 3002 terre
468 2931 513 3001 de
532 2930 756 3026 Loginsintre
782 2939 869 3001 tunc
895 2930 1067 3023 temporis
1092 2928 1216 3000 culte·
1234 2931 1400 3002 omnibus
1425 2930 1504 3002 aliis
1530 2935 1633 3003 terris
1659 2942 1698 3003 et

356 3043 503 3114 decimis
520 3044 735 3114 ad-eandem
758 3036 944 3113 ecclesiam
966 3038 1210 3135 spedantibus
1226 3041 1397 3136 predid'cis
1419 3044 1541 3115 abbati
1559 3054 1597 3115 et
1614 3069 1697 3116 con-

356 3157 483 3226 uentui
502 3157 547 3226 de
562 3154 740 3226 Lundoris
756 3156 1022 3247 imperpetuum
1040 3156 1309 3227 remanentibus
1327 3193 1334 3210 ·
1349 3155 1495 3227 Vicarie
1512 3165 1635 3228 autem
1653 3159 1697 3230 de
1829 3152 1833 3157 ’

357 3266 552 3340 Doumacb
570 3269 697 3362 viginti
716 3277 754 3337 et
772 3289 878 3337 vnam
896 3288 1032 3336 marcas
1056 3275 1176 3337 totum
1192 3268 1404 3361 alteragium
1429 3290 1512 3339 cum
1530 3293 1601 3341 vna
1617 3294 1698 3341 acra

356 3392 452 3452 terre
470 3382 515 3452 ad
533 3377 695 3452 mansum
721 3382 824 3450 iuxta
844 3371 1029 3448 ecclesiam
1047 3385 1085 3448 et
1103 3387 1177 3450 tres
1193 3402 1292 3451 acras
1309 3389 1404 3451 terre
1420 3382 1635 3473 pertinentis
1652 3383 1697 3454 ad

357 3494 531 3587 capellam
554 3494 599 3564 de
616 3488 839 3563 Rolsochetis
856 3500 894 3561 et
916 3493 1060 3562 tertiam
1087 3501 1226 3582 partem
1252 3491 1444 3562 oharucate
1469 3501 1565 3564 terre
1589 3516 1698 3586 quam

358 3608 557 3679 Richardus
575 3616 663 3677 tunc
679 3604 851 3697 temporis
872 3603 1005 3674 ibidem
1024 3599 1180 3673 existens
1197 3603 1350 3673 vicarius
1367 3605 1486 3674 tenuit
1505 3644 1512 3661 ·
1531 3606 1697 3677 omnibus

357 3720 437 3791 aliis
467 3721 570 3789 terris
599 3727 637 3788 et
667 3717 815 3788 decimis
844 3716 889 3786 ad
919 3712 1029 3808 ipsam
1060 3708 1245 3785 ecclesram
1278 3711 1517 3807 speduntibus
1550 3718 1697 3809 prefatis

356 3832 479 3904 abbati
492 3842 530 3901 ct
543 3831 739 3902 conuentui
756 3831 1020 3921 imperpetuum
1039 3826 1478 3898 remanentibus·Vicarie
1491 3826 1640 3900 ecclesie
1652 3831 1697 3902 de

358 3944 624 4036 Incbemabayn
638 3950 761 4013 taxato
774 3941 903 4035 viginti
919 3961 1056 4012 marcas
1073 3946 1193 4008 totum
1210 3936 1422 4033 alteragium
1437 3963 1519 4010 cum
1533 3963 1604 4010 vna
1616 3965 1697 4013 acra

357 4074 452 4131 terre
477 4057 521 4127 ad
547 4051 709 4125 mansum
739 4055 842 4124 iuxta
866 4046 1052 4123 ecclesiam
1079 4059 1117 4122 et
1144 4073 1227 4122 cum
1255 4051 1403 4121 decimis
1431 4053 1621 4147 garbarum
1652 4055 1696 4125 da

358 4163 580 4242 Drumrossrn
599 4176 734 4237 etcum
753 4166 863 4236 tertia
877 4174 979 4258 parte
996 4163 1216 4235 decimarum
1233 4163 1422 4259 garbarum
1440 4163 1598 4237 eiusdem
1612 4165 1697 4238 ville

358 4285 402 4355 de
417 4278 663 4371 Inohmabany
677 4319 684 4335 ·
699 4279 865 4348 omnibus
882 4276 961 4348 aliis
978 4277 1082 4347 terris
1099 4284 1138 4347 et
1156 4275 1303 4346 decimis
1320 4275 1365 4347 ad
1383 4273 1494 4368 ipsam
1511 4274 1696 4351 ecclesium

355 4392 596 4491 spettantibus
610 4390 712 4460 diuis
725 4389 847 4461 abbati
860 4398 898 4461 ct
911 4389 1107 4461 conuentui
1124 4389 1391 4480 imperpetuum
1404 4390 1696 4461 remanentibus·

357 4510 393 4583 V
395 4508 503 4581 icarie
528 4497 676 4601 ecclesie
702 4503 747 4573 de
773 4500 1024 4594 Ratbmuryell
1049 4508 1175 4573 taxate
1200 4498 1390 4571 duodecim
1415 4522 1552 4609 marcas
1578 4509 1695 4593 totum
