4088 5430
348 627 414 698 ιη
861 609 1166 685 aucrsraurr
1533 611 1686 706 [saeua

347 818 391 888 de
410 814 558 887 Gordon
575 812 728 882 militem
748 819 786 882 et
803 805 1009 905 magistrum
1027 809 1052 880 J
1054 811 1231 881 ohannem
1250 807 1382 903 Scalpy
1398 833 1462 903 pro
1480 818 1583 902 parte
1599 804 1661 879 sua
1679 849 1687 865 ·

347 938 396 998 et*
407 922 471 1019 ipfi
489 923 702 1018 principales
720 920 916 1015 Episcopus
933 934 971 993 et
987 921 1011 992 J
1013 922 1172 993 ohannes
1195 923 1420 994 concorditer
1437 923 1626 1016 elegerunt
1651 924 1689 991 in

347 1040 563 1132 superiorem
590 1034 764 1107 dictarum
792 1047 945 1125 quatuor
970 1031 1198 1126 personarum
1220 1035 1472 1105 Alexandrum
1499 1034 1689 1127 Schyrme-

348 1153 437 1222 chur
453 1152 498 1220 de
511 1148 768 1219 Abcrbrothok
787 1146 831 1216 ad
850 1147 1116 1217 terminandum
1135 1159 1173 1217 et
1190 1146 1388 1217 finiendum
1408 1171 1531 1219 omnes
1549 1160 1690 1220 contra-

349 1259 480 1334 uersras
497 1260 713 1354 supradictas
731 1261 789 1329 die
807 1259 986 1329 dominica
1010 1261 1174 1352 proxima
1193 1254 1272 1350 post
1290 1260 1428 1329 exitum
1448 1261 1689 1330 nundinarum

350 1377 394 1445 de
411 1373 583 1445 Aberden
601 1374 637 1442 in
656 1366 804 1443 ecclesia
829 1372 1022 1463 parochiali
1046 1372 1227 1442 antedicta
1244 1411 1252 1426 ·
1272 1380 1310 1441 et
1327 1367 1353 1440 si
1371 1395 1496 1442 omnes
1521 1368 1586 1442 iste
1610 1396 1690 1466 per·

348 1486 434 1558 sone
459 1486 638 1557 anteditte
660 1485 782 1554 venire
804 1506 876 1552 nou
904 1480 1046 1575 possunt
1069 1491 1223 1575 quatuor
1245 1492 1319 1553 tres
1344 1485 1416 1553 duo
1441 1492 1505 1555 aut
1527 1507 1618 1554 vnus
1643 1508 1689 1554 ex

349 1596 433 1693 ipfis
450 1598 618 1668 decident
635 1604 673 1666 ct
690 1596 818 1666 finient
836 1591 1093 1666 controuerfias
1111 1596 1309 1667 antedidtas
1322 1633 1330 1649 ·
1344 1591 1418 1665 siue
1431 1618 1502 1666 vna
1518 1619 1598 1688 pars
1615 1592 1690 1666 siue

350 1712 456 1783 ambe
468 1717 587 1803 partes
604 1707 818 1801 principales
836 1705 1068 1800 personaliter
1084 1710 1249 1778 venerint
1263 1704 1337 1778 slue
1350 1732 1423 1778 non
1436 1704 1503 1777 nis1
1521 1708 1690 1802 ligittime

351 1835 389 1894 et
406 1823 545 1892 notorie
571 1821 706 1891 fuerint
730 1820 904 1912 impedite
922 1860 929 1875 ·
950 1828 987 1889 et
1005 1820 1049 1889 ad
1069 1816 1328 1889 obseruandum
1350 1820 1505 1890 fideliter
1522 1821 1691 1911 quicquid

350 1935 483 2005 ibidem
501 1933 610 2003 fuerit
631 1932 836 2002 ordinatum
862 1928 927 2024 ipsi
953 1931 1166 2024 principales
1194 1954 1258 2023 per
1283 1954 1411 2002 manus
1428 1930 1507 2002 suas
1525 1933 1691 2002 dexteras

350 2045 459 2116 fidem
477 2045 654 2114 dederuut
674 2043 881 2114 'adinuicem
899 2081 907 2097 ·
926 2051 963 2112 et
987 2041 1109 2135 postea
1131 2043 1240 2113 michi
1266 2044 1406 2114 notario
1424 2044 1577 2135 quilibet
1602 2041 1693 2136 ipso-

350 2180 430 2228 rum
460 2180 525 2250 per
552 2178 700 2226 manum
725 2153 822 2225 suam
854 2155 1041 2226 dexteram
1072 2155 1180 2225 fidem
1212 2156 1342 2226 dedit·
1368 2158 1496 2247 quibus
1526 2155 1692 2226 omnibus

352 2270 593 2339 interfuerunt
619 2267 775 2337 decanus
801 2274 840 2335 et
870 2268 1139 2338 archidiaconus
1165 2305 1173 2322 ·
1197 2266 1408 2339 Willelmus
1434 2270 1479 2339 de
1506 2268 1690 2340 Calabro·

353 2379 540 2452 Gilbertus
566 2379 611 2449 de
636 2376 831 2470 Grynlaw·
851 2377 1031 2449 Robertus
1049 2379 1142 2473 Wys
1160 2417 1167 2434 ·
1185 2379 1209 2450 J
1212 2379 1370 2451 ohannes
1396 2382 1441 2451 de
1460 2380 1635 2451 Colonia·
1655 2392 1693 2452 et

352 2491 564 2562 Alexander
594 2491 638 2559 de
664 2489 880 2582 Kyndeloch
912 2493 1073 2561 canonici
1101 2480 1377 2562 Aberdonenses
1404 2531 1412 2547 ·
1438 2492 1622 2564 Johannes
1649 2495 1693 2563 de

354 2603 460 2696 Haya
477 2604 522 2672 de
534 2601 744 2695 Tulybotbil
759 2642 767 2657 ·
783 2600 1001 2673 Malcolmus
1019 2605 1064 2673 de
1078 2603 1244 2697 Guthery
1257 2642 1265 2658 ·
1278 2604 1488 2676 Willelmus
1506 2607 1551 2675 de
1565 2603 1692 2698 Haya·

353 2715 537 2786 Johanncs
556 2715 600 2785 do
618 2712 785 2783 Balrame
802 2751 810 2768 ·
828 2712 997 2785 Oliuerus
1015 2716 1059 2785 de
1079 2715 1218 2786 Patona
1234 2752 1242 2768 ·
1259 2715 1444 2787 Johannes
1462 2719 1507 2788 de
1524 2715 1638 2787 Tulch
1657 2728 1694 2787 et

354 2826 508 2899 Thomas
526 2826 677 2897 clericus
695 2826 740 2895 de
757 2823 922 2897 Dumbar
938 2823 1047 2898 testes
1064 2828 1108 2898 ad
1126 2825 1290 2919 premissa
1307 2868 1314 2883 ·

455 3051 504 3121 Et
531 3074 597 3144 ego
616 3048 827 3120 Willelmus
848 3049 892 3121 de
917 3050 1078 3144 Spyneto
1104 3050 1255 3123 clericus
1274 3050 1512 3123 Morauiensrs
1538 3053 1695 3149 dyocesis

455 3160 620 3255 publicus
638 3163 850 3232 austoritate
868 3163 1042 3256 imperiali
1061 3165 1220 3235 notarius
1244 3165 1411 3257 prodistis
1429 3166 1595 3237 omnibus
1613 3192 1694 3238 cum

456 3270 607 3345 testibus
636 3275 835 3366 prenotatis
862 3272 1006 3367 presens
1032 3276 1178 3345 interfui
1206 3284 1243 3346 et
1271 3299 1314 3345 ea
1343 3299 1401 3348 me
1430 3278 1603 3371 impedito
1632 3304 1697 3372 per

456 3386 565 3458 alium
584 3383 714 3477 scripta
730 3387 768 3455 in
785 3386 966 3478 publicam
983 3388 1135 3458 sormam
1160 3388 1282 3481 redegi
1300 3383 1470 3482 signoque
1493 3414 1574 3460 meo
1591 3389 1695 3461 solito

457 3507 495 3568 ct
520 3494 776 3590 subscriptione
802 3494 937 3592 signaui
955 3500 1000 3569 ad
1018 3499 1126 3570 fidem
1152 3508 1190 3569 ct
1216 3495 1461 3571 testimonium
1488 3526 1551 3595 per
1576 3515 1696 3595 partes

459 3609 502 3679 ad
520 3609 587 3680 hoc
604 3606 805 3701 specialiter
817 3607 1009 3702 requisitus
1028 3651 1036 3666 ·

362 3945 540 4017 Iudicium
558 3944 787 4017 Arbitrorum
807 3987 814 4002 ·

362 4145 416 4242 In
447 4169 592 4238 nomino
619 4168 767 4242 Domini
793 4171 915 4243 Amen
942 4214 949 4229 ·
978 4171 1103 4245 Sciant
1125 4173 1278 4245 vniuerfi
1307 4177 1401 4267 quod
1428 4200 1522 4247 anno
1550 4176 1698 4249 Domini

361 4274 548 4352 millefimo
567 4279 817 4353 trecentesimo
835 4279 1048 4378 ottogelimo
1071 4283 1172 4356 sexto
1197 4288 1391 4359 indiccione
1409 4312 1504 4360 nona
1521 4290 1699 4361 dominica

362 4397 398 4465 in
417 4388 570 4464 crastino
588 4394 707 4463 exitus
724 4397 964 4468 nundinarum
983 4397 1028 4468 dc
1045 4398 1216 4470 Aberdon
1234 4397 1370 4470 scilicet
1386 4397 1517 4472 mensis
1533 4400 1621 4494 Julij
1641 4403 1699 4473 die

362 4507 475 4600 prima
500 4504 731 4597 pontificatus
749 4508 884 4579 domiui
902 4508 1101 4582 Clementis
1119 4513 1241 4583 diuina
1264 4515 1490 4605 prouidentia
1515 4537 1607 4608 pape
1624 4512 1699 4608 sep
