4088 5430
356 620 426 688 134
866 610 1170 685 REGISTRUM
1534 612 1686 708 [secum

353 924 462 996 Carta
476 921 656 994 Willelmi
674 923 718 993 dc
732 918 826 993 Lalk
842 919 947 1015 super
963 944 1034 993 vna
1049 930 1152 1015 petra
1167 945 1249 994 cere
1266 922 1312 993 de
1328 930 1425 994 terra
1441 922 1486 994 dc
1501 922 1603 1018 Logy
1616 945 1687 994 vna

353 1057 436 1107 cum
452 1035 641 1106 duodecim
659 1035 812 1106 denariis
828 1035 968 1128 argenti
984 1071 993 1088 ·

353 1236 543 1332 Omnibus
570 1259 661 1330 hanc
686 1266 821 1329 cartam
846 1254 971 1327 visuris
996 1256 1053 1328 vel
1081 1257 1257 1329 audituris
1284 1256 1493 1329 Willehnus
1519 1258 1565 1330 de
1590 1255 1684 1330 Lassr

351 1383 454 1466 pater
477 1371 643 1442 dominus
668 1367 825 1442 eiusdem
850 1367 1002 1440 salutem
1020 1409 1029 1426 ·
1048 1368 1236 1440 Noncritis
1261 1391 1321 1441 me
1346 1393 1409 1463 pro
1426 1366 1541 1441 salute
1563 1371 1683 1442 anime

351 1493 496 1554 meoet
521 1504 671 1554 uxorum
699 1502 861 1556 mearum
886 1478 1006 1552 Alicie
1032 1481 1077 1552 de
1104 1479 1201 1552 Rath
1231 1490 1269 1551 et
1295 1480 1454 1553 Meriote
1478 1482 1524 1553 de
1551 1481 1684 1554 Scotto

351 1594 534 1667 Michaele
551 1607 589 1667 et
605 1619 669 1690 pro
685 1592 800 1665 salute
816 1594 967 1665 fratrum
992 1615 1154 1664 meomm
1172 1590 1399 1685 sororumque
1416 1616 1577 1665 mearum
1593 1593 1685 1665 lilio-

350 1731 431 1779 mm
456 1731 616 1780 meorum
639 1731 680 1778 ae
702 1707 856 1778 filiarum
883 1707 1115 1798 omniumque
1136 1714 1328 1798 parentum
1352 1715 1391 1776 et
1415 1706 1682 1778 benesaltorum

350 1843 511 1891 meorum
536 1815 665 1891 dedisse
690 1813 891 1891 concessisse
908 1826 946 1887 et
963 1815 1030 1888 hcc
1054 1814 1210 1910 presenti
1236 1826 1440 1889 catassmea
1463 1814 1683 1890 confirmasse

350 1931 430 2002 Deo
445 1942 483 2004 et
499 1933 605 2004 beate
619 1930 739 2002 Mario
756 1930 802 2001 de
813 1929 929 2000 Elone
946 1938 984 1998 et
1001 1928 1167 1999 omnibns
1180 1924 1308 1999 sanctis
1321 1949 1428 1999 vnum
1445 1936 1584 2022 petram
1601 1952 1683 2001 cere

348 2047 534 2115 annuatim
564 2044 828 2137 percipiendam
856 2042 902 2113 de
927 2050 1025 2111 terra
1052 2062 1134 2110 mea
1161 2039 1207 2111 de
1235 2039 1337 2136 Logy
1362 2041 1466 2113 iuxta
1492 2040 1609 2113 Elone
1635 2043 1681 2113 ad

348 2156 624 2227 illuminandum
650 2163 687 2227 et
713 2153 994 2225 comburendum
1019 2148 1125 2245 snper
1149 2148 1350 2246 sepulerum
1375 2155 1448 2224 mei
1467 2162 1505 2225 et
1529 2176 1681 2226 vxorum

348 2290 508 2338 mearum
532 2267 772 2361 predittarum
797 2265 962 2336 omnibus
986 2265 1173 2335 dominicis
1190 2273 1228 2335 et
1253 2261 1390 2336 sestiuis
1414 2266 1540 2338 diebus
1564 2269 1684 2360 inpers

347 2391 498 2472 petuum
516 2401 586 2449 vna
611 2399 693 2450 cum
719 2377 907 2448 duodecim
933 2377 1087 2447 denariis
1111 2379 1251 2470 argenti
1274 2378 1320 2448 de
1342 2389 1438 2450 terra
1461 2378 1619 2471 predilta
1635 2381 1681 2451 de

348 2491 451 2587 Logy
472 2491 658 2562 annuatim
683 2488 921 2582 percipiendis
945 2510 1009 2581 pro
1032 2488 1168 2559 fultura
1192 2487 1375 2562 antediste
1402 2502 1506 2583 petre
1534 2514 1616 2563 cere
1642 2501 1681 2563 et

347 2625 411 2694 pro
428 2601 561 2674 lichino
578 2597 751 2694 adipsum
768 2622 886 2671 ceram
902 2600 1103 2672 sociandam
1121 2602 1382 2694 comparando·
1395 2610 1433 2672 et
1450 2596 1477 2672 fi
1494 2605 1683 2699 contingat

347 2714 504 2808 aliquem
528 2712 701 2784 heredum
726 2733 889 2782 meorum
914 2713 977 2783 has
993 2734 1092 2783 meus
1109 2712 1340 2783 donationem
1366 2709 1625 2786 concellionem
1642 2723 1681 2786 et

347 2826 654 2896 confirmationem
679 2824 872 2918 infringere
896 2823 1140 2894 contradicere
1164 2820 1225 2895 seu
1242 2847 1385 2918 quoquo
1409 2826 1516 2896 modo
1540 2836 1683 2898 contra·

347 2939 472 3009 uenire
492 2935 573 3006 volo
587 2931 637 3007 'et
658 2936 815 3006 concedo
841 2935 935 3026 quod
957 2934 1111 3006 vicarius
1134 2936 1180 3006 de
1200 2934 1317 3008 Elone
1336 2939 1397 3030 qui
1420 2938 1529 3009 luerit
1553 2940 1592 3010 in
1617 2938 1680 3009 illo

347 3059 509 3143 tempore
529 3045 642 3143 ipsam
658 3056 791 3118 terram
808 3047 854 3116 de
872 3045 973 3142 Logy
988 3069 1057 3118 nec
1074 3070 1147 3118 non
1164 3062 1203 3119 et
1219 3049 1383 3121 homines
1399 3049 1531 3122 discam
1547 3060 1681 3124 terram

346 3161 591 3233 inhabitantes
607 3160 646 3229 in
663 3157 801 3229 catallis
817 3154 887 3228 suis
903 3155 965 3229 seu
981 3161 1084 3231 bonis
1101 3160 1180 3231 aliis
1193 3157 1379 3257 distringet
1390 3161 1448 3233 vel
1465 3173 1588 3235 namet
1604 3160 1681 3238 fine

346 3272 493 3344 licentia
517 3268 759 3362 cuiuscunque
783 3269 829 3341 ad
855 3265 1116 3364 suppletionem
1145 3273 1357 3344 intentionis
1383 3284 1421 3345 et
1447 3275 1681 3349 ordinationis

346 3407 427 3456 mee
443 3383 640 3478 supraditte
657 3422 665 3438 ·
685 3381 730 3452 do
748 3382 858 3451 etiam
875 3391 914 3451 et
934 3384 1090 3455 concedo
1116 3383 1344 3478 presentiqne
1368 3396 1467 3458 carta
1490 3409 1571 3459 mea
1595 3411 1681 3461 con·

347 3497 449 3567 sirmo
465 3495 570 3567 altari
587 3490 706 3565 sanes
723 3494 837 3563 crucis
854 3494 892 3562 in
909 3490 1059 3566 eoolefia
1075 3496 1120 3566 de
1138 3495 1254 3567 Elone
1270 3497 1410 3590 prefata
1426 3520 1532 3570 vnum
1548 3498 1678 3572 libram

347 3632 428 3680 cere
454 3608 499 3679 dc
526 3616 622 3678 terra
646 3603 824 3675 Willelmi
849 3604 913 3698 filij
940 3604 1023 3676 Ade
1049 3604 1215 3701 Schyroll
1244 3609 1322 3680 iure
1348 3609 1563 3682 hereditario
1589 3613 1678 3684 milri

347 3722 505 3791 debitam
530 3719 716 3789 annuatim
741 3717 1006 3810 percipiendam
1031 3719 1311 3813 inperpetuum·
1330 3719 1375 3790 In
1392 3723 1495 3792 cuius
1511 3724 1563 3794 roi
1579 3719 1679 3795 testi·

346 3833 506 3901 monium
523 3827 675 3923 presenti
692 3839 790 3903 carte
806 3850 887 3901 mee
903 3825 1058 3924 tigillum
1074 3853 1197 3902 meum
1214 3854 1285 3905 vna
1300 3855 1383 3904 cum
1400 3828 1516 3929 sigillo
1531 3857 1678 3908 venera·

346 3941 428 4014 bilis
445 3944 555 4035 patris
571 3944 610 4013 in
627 3938 767 4013 Christo
785 3941 920 4012 domini
937 3941 1136 4014 Alexandri
1155 3941 1225 4015 Dei
1250 3946 1366 4039 gratia
1389 3944 1543 4040 episcopi
1558 3945 1680 4019 Aber-

346 4050 510 4125 donenlis
527 4050 581 4124 est
596 4050 789 4146 appensum
806 4053 901 4149 apud
919 4053 1021 4148 Logy
1034 4054 1071 4125 in
1089 4077 1183 4126 anno
1199 4057 1314 4150 gratie
1330 4052 1520 4128 millesimo
1536 4068 1678 4132 trecen-

346 4161 472 4237 tefimo
490 4160 726 4260 oeogefimo·
