4088 5430
355 608 423 672 119
868 594 1172 671 REGISTRUM
1537 597 1690 695 [ancum

353 801 595 873 feodationem
611 797 692 870 illas
709 819 797 890 quas
813 795 901 868 fecit
918 793 1070 867 diledtus
1087 803 1126 865 et
1142 793 1259 865 fidelis
1275 791 1396 867 noster
1411 796 1530 869 Adam
1550 796 1693 894 Pingile

353 906 538 1007 burgensis
554 911 600 980 de
617 909 790 981 Aberden
808 906 888 979 Deo
906 908 1011 978 beate
1030 905 1150 979 Maria
1163 906 1307 1002 Virgini
1324 917 1362 978 et
1379 909 1547 981 omnibus
1563 908 1692 982 faustis

354 1048 395 1095 ac
421 1026 481 1092 vni
509 1021 695 1115 capellano
724 1029 900 1114 perpetuo
927 1018 1154 1091 celebraturo
1182 1022 1217 1090 in
1247 1015 1396 1092 ecclesia
1423 1020 1619 1093 cathedrali
1646 1022 1692 1092 de

354 1135 575 1207 Aberdonne
601 1134 646 1205 de
671 1135 776 1204 terris
794 1132 839 1203 de
857 1130 1090 1203 Foletbroule
1111 1156 1193 1204 cum
1219 1132 1426 1203 molendino
1447 1144 1486 1205 et
1510 1135 1695 1226 pertinen·

355 1250 416 1318 tiis
442 1247 637 1319 earundem
663 1248 701 1325 in
725 1245 873 1316 baronia
898 1245 943 1314 de
969 1242 1189 1337 Kynedvard
1214 1244 1308 1314 infra
1328 1245 1620 1317 vicecomitatum
1646 1245 1693 1316 de

355 1357 526 1430 Aberdeu
549 1357 764 1428 ·Tenendas
791 1366 829 1427 et
854 1356 1038 1427 habendas
1063 1356 1223 1449 preditto
1248 1356 1434 1450 capellano
1458 1369 1497 1428 et
1522 1354 1593 1428 suis
1616 1354 1694 1428 suc·

356 1466 545 1542 celsoribus
569 1469 705 1540 ibidem
731 1467 965 1541 celebraturis
982 1469 1019 1537 in
1037 1489 1164 1561 puram
1181 1476 1220 1538 ct
1236 1477 1446 1560 perpetuam
1465 1464 1692 1540 elemosinam

357 1583 446 1654 adeo
471 1581 582 1653 libere
600 1590 638 1652 et
655 1581 778 1673 quiete
803 1579 962 1672 plenarie
986 1581 1127 1673 integre
1144 1588 1182 1649 et
1198 1578 1392 1651 honorifice
1408 1581 1447 1649 in
1465 1580 1630 1651 omnibus
1654 1591 1694 1652 ct

357 1717 421 1787 per
437 1695 558 1764 omnia
574 1688 664 1764 sicut
690 1701 789 1763 carta
812 1692 962 1784 predicti
985 1690 1069 1762 Ade
1095 1691 1227 1763 exinde
1252 1692 1416 1763 confecta
1438 1688 1529 1762 inse
1551 1692 1693 1784 plenius

356 1803 448 1877 iuste
475 1807 637 1876 continet
664 1814 702 1875 et
731 1802 1024 1896 proporat-111
1052 1804 1152 1874 ouius
1182 1804 1233 1873 rei
1263 1799 1508 1874 testimonium
1537 1801 1692 1897 presenti

356 1927 454 1988 carte
481 1912 600 1987 nostre
625 1914 905 1987 confirmationis
931 1909 1090 1984 nostrum
1116 1916 1330 2008 precipimus
1355 1917 1485 2009 apponi
1510 1911 1692 2011 sigillum·

356 2025 519 2100 Testibus
544 2027 751 2099 reuerendis
768 2029 805 2097 iu
824 2024 965 2098 Christo
981 2028 1143 2120 patribus
1161 2026 1350 2098 Willelmo
1367 2040 1405 2099 et
1421 2027 1588 2101 Johaune
1610 2053 1693 2101 can·

356 2140 499 2212 cellario
517 2136 636 2210 nostro
651 2136 907 2210 Sandtiandree
920 2148 958 2209 et
972 2134 1238 2210 Dunkeldeulis
1255 2136 1483 2212 ecclesiarum
1496 2138 1691 2234 episcopis·

354 2252 379 2322 J
381 2253 521 2323 ohanne
547 2251 785 2345 primogenito
802 2246 921 2320 nostro
939 2251 984 2321 de
1001 2250 1138 2344 Carryk
1155 2247 1345 2322 senescallo
1363 2251 1485 2323 Scotie
1503 2292 1512 2309 ·
1531 2252 1698 2339 Roberto¹

356 2365 400 2435 de
419 2363 505 2458 Fyff
521 2377 560 2435 et
580 2364 625 2434 de
643 2361 816 2433 Menteth
840 2361 915 2433 iilio
940 2360 1061 2434 nostro
1086 2362 1217 2435 dilecto
1235 2401 1243 2418 ·
1262 2362 1450 2435 Willelmo
1467 2365 1512 2436 de
1530 2363 1692 2460 Douglas

355 2487 394 2547 et
420 2478 465 2548 de
491 2476 576 2547 Mar
600 2471 863 2567 consanguineo
890 2472 1009 2545 nostro
1035 2475 1252 2546 comitibus·
1271 2474 1408 2548 Jacobo
1434 2477 1479 2548 de
1507 2475 1691 2571 Lyndesay

355 2599 488 2682 nepote
511 2583 630 2657 nostro
655 2580 837 2658 kariffimo
853 2624 861 2642 ·
880 2594 918 2658 et
934 2585 1145 2658 Alexandro
1162 2587 1207 2658 de
1227 2585 1413 2681 Lyndesay
1429 2586 1692 2683 consanguineo

355 2697 473 2771 nostro
490 2698 687 2769 militibus·
703 2695 813 2790 Apud
832 2697 1008 2792 Inuemys
1026 2699 1214 2771 vndeeimo
1232 2700 1290 2770 die
1309 2697 1462 2794 Augusti
1479 2724 1573 2773 anno
1590 2704 1690 2796 regni

354 2809 463 2881 nostri
481 2810 646 2881 decimo·

354 3148 466 3219 Carta
482 3158 578 3218 terre
595 3142 830 3218 ecclesiastice
847 3147 893 3218 de
911 3147 1124 3243 Methlaych
1142 3187 1150 3204 ·

352 3349 548 3443 Vniucrlis
574 3367 705 3441 Christi
735 3370 900 3444 fidelibus
935 3381 1009 3443 tam
1044 3371 1268 3467 presentibus
1298 3398 1404 3468 quam
1435 3377 1564 3449 futuris
1596 3379 1689 3450 banc

352 3494 487 3556 cartam
506 3480 567 3553 seu
584 3481 768 3575 publicum
794 3479 1071 3556 instrumentum
1090 3483 1216 3556 visuris
1233 3486 1291 3557 vel
1308 3490 1485 3561 audituris
1503 3488 1689 3562 Walterus

353 3597 398 3667 de
417 3595 590 3666 Menthet
615 3594 781 3665 dominus
806 3595 852 3666 de
870 3594 1121 3668 Petmacaldor
1145 3593 1297 3669 salutem
1323 3601 1360 3668 in
1379 3598 1537 3672 Domino
1562 3599 1690 3694 sempi-

352 3718 492 3778 ternam
510 3744 518 3761 ·
538 3705 725 3777 Noueritis
750 3728 809 3777 me
826 3707 871 3777 de
891 3702 1038 3778 consilio
1054 3716 1092 3778 et
1110 3705 1244 3781 afl'ensu
1261 3710 1437 3783 lobannis
1461 3712 1525 3808 filij
1551 3715 1624 3784 mei
1649 3724 1688 3786 et

351 3819 492 3890 heredis
518 3815 648 3888 dedisse
673 3814 873 3890 conoeffilse
900 3829 938 3890 et
965 3819 1033 3890 bac
1059 3817 1214 3913 presenti
1239 3832 1338 3894 carta
1363 3846 1444 3896 mea
1469 3822 1687 3897 confirmasse

352 3929 432 4001 Deo
462 3941 499 4000 et
528 3929 635 4000 beate
667 3928 785 4000 Maria
818 3954 859 4001 ae
894 3926 1040 4003 ecclesie
1070 3932 1263 4025 parochiali
1297 3936 1394 4007 beati
1425 3935 1610 4010 Deuenaci
1640 3940 1686 4010 de

351 4039 544 4112 Metbelak
562 4049 600 4110 ct
617 4042 748 4112 vicario
773 4038 930 4112 eiusdem
955 4045 1016 4134 qui
1041 4067 1105 4138 pro
1127 4054 1290 4138 tempore
1315 4049 1423 4120 fircrit
1448 4052 1608 4122 caritatis
1633 4055 1687 4124 in·

349 4154 445 4223 tuitu
464 4162 502 4222 et
519 4174 583 4243 pro
601 4147 715 4222 salute
740 4153 859 4224 anime
875 4176 956 4225 mee
974 4163 1012 4225 et
1030 4157 1227 4229 animarum
1253 4157 1537 4254 predecessorum
1554 4172 1593 4234 et
1609 4161 1685 4237 suc·

348 4260 521 4336 cessorum
550 4284 711 4332 meomm
739 4264 930 4356 quamdam
967 4268 1106 4359 peciem
1136 4278 1232 4340 terre
1265 4272 1443 4343 iacentem
1477 4275 1684 4347 immediate

347 4379 450 4447 iuxta
479 4396 607 4466 aquam
636 4374 681 4444 de
706 4373 851 4469 Ethoyn
874 4387 1116 4470 querebatur
1142 4381 1176 4452 le
1202 4381 1332 4453 baulch
1360 4407 1405 4454 cx
1431 4395 1534 4478 parte
1550 4409 1621 4465 rna
1644 4397 1683 4459 ct

347 4483 594 4558 descendendo
611 4484 740 4555 arado
758 4487 865 4558 riuuli
883 4488 929 4560 de
947 4489 1075 4562 Melok
1090 4491 1197 4584 vsque
1215 4494 1260 4565 ad
1278 4495 1407 4566 vadum
1427 4499 1522 4591 quod
1535 4509 1684 4590 vocatur,
