4088 5430
347 622 416 689 las
822 672 825 676 .
862 601 1165 676 REGISTRUM
1530 605 1680 702 [secum
1735 625 1740 633 ·

344 808 522 885 destructa
547 822 584 880 et
606 805 817 879 venerabilis
843 804 953 875 frater
977 798 1096 872 noster
1120 799 1331 873 Alexander
1357 800 1540 897 episcopus
1566 802 1682 874 Aber-

346 919 510 995 donenfis
523 946 564 993 ac
579 921 697 991 dilebti
715 918 778 1010 filij
797 914 994 1009 capitulum
1012 909 1119 1006 ipsrus
1135 910 1283 985 ecclesie
1298 937 1378 985 eam
1394 938 1558 1008 reparare
1576 938 1683 1008 opere

347 1034 450 1108 valde
462 1029 667 1127 sumptuoso
685 1033 897 1121 inceperunt
910 1050 951 1098 ac
965 1025 1098 1096 multas
1116 1026 1153 1095 in
1170 1026 1238 1097 boc
1255 1027 1425 1119 pecunias
1441 1024 1683 1121 exposuerunt

347 1144 488 1239 sintque
512 1153 701 1238 propterea
723 1150 762 1212 et
787 1139 874 1213 alias
898 1138 942 1210 ad
969 1137 1139 1208 fabricam
1166 1134 1323 1208 eiusdem
1349 1134 1498 1209 ecclesie
1522 1137 1702 1222 fidelium¹

348 1254 539 1331 elemosine
564 1254 758 1348 plurimum
783 1261 959 1344 oportune
982 1243 1250 1320 vniuersrtatem
1278 1245 1430 1321 vestram
1455 1272 1621 1344 rogamus
1645 1258 1684 1320 et

348 1370 533 1440 hortamur
552 1374 694 1438 attente
710 1364 811 1434 vobis
836 1361 1089 1433 nichilominus
1113 1361 1151 1430 in
1175 1356 1410 1432 remiilionem
1436 1363 1684 1455 peccaminum

347 1485 578 1575 iniungentes
601 1485 779 1570 quatenns
801 1475 846 1544 de
869 1474 973 1544 bonis
996 1473 1101 1543 uobis
1123 1495 1145 1542 a
1171 1470 1251 1543 Deo
1279 1472 1420 1544 collatis
1447 1473 1491 1545 ad
1515 1474 1685 1545 fabricam

349 1590 457 1687 ipsrus
470 1586 618 1664 ecclesie
632 1584 762 1659 vestras
780 1587 855 1678 pias
872 1580 1082 1656 elemosinas
1095 1592 1133 1654 et
1150 1593 1251 1679 grata
1269 1587 1429 1656 caritatis
1440 1582 1593 1659 subsidia
1609 1610 1686 1658 ero·

350 1706 443 1800 getis
456 1714 496 1774 vt
512 1726 576 1796 per
593 1700 865 1771 subuentionem
885 1693 1036 1767 vestram
1057 1695 1259 1767 buiulinodi
1277 1693 1425 1768 ecclesra
1441 1695 1515 1790 ipsa
1531 1701 1685 1792 reparari

244 1821 247 1828 '
352 1815 470 1888 valeat
487 1812 618 1906 vosque
634 1836 698 1905 per
714 1812 782 1882 hec
800 1819 837 1880 et
854 1808 926 1879 alia
942 1808 1036 1878 bona
1053 1830 1124 1899 qne
1141 1807 1302 1879 Domino
1319 1807 1513 1902 inspirante
1530 1811 1686 1882 feceritis

351 1929 396 2001 ad
414 1938 539 1998 eterne
555 1920 691 2019 poffitis
708 1922 892 1993 felicitatis
908 1920 1038 2014 gaudia
1054 1922 1241 2012 peruenire
1260 1958 1269 1976 ·
1284 1920 1363 1992 Nos
1380 1924 1493 1993 eciam
1511 1922 1556 1993 de
1573 1925 1687 1993 omni·

352 2041 511 2134 potentis
528 2036 598 2108 Dei
624 2033 863 2106 misericordia
880 2042 918 2103 et
939 2032 1126 2102 beatorum
1145 2029 1244 2103 Petri
1263 2041 1300 2103 et
1318 2030 1422 2104 Pauli
1448 2031 1685 2126 apostolorum

350 2155 430 2223 eius
454 2150 649 2222 autoritate
674 2141 797 2219 confisr
823 2145 989 2214 omnibus
1007 2166 1090 2215 vere
1114 2144 1362 2235 penitentibus
1385 2156 1423 2215 et
1448 2142 1610 2218 confessis
1626 2149 1687 2239 qui

352 2265 399 2336 ad
416 2264 568 2335 eandem
585 2260 756 2331 fabricam
774 2278 901 2327 manus
918 2256 1142 2348 porrexerint
1159 2256 1353 2328 adiutrices
1370 2258 1505 2328 totiens
1522 2261 1688 2350 quotiens

354 2372 554 2448 huiusmodi
573 2393 700 2442 manus
717 2370 762 2441 ad
781 2366 890 2461 ipsam
910 2367 1077 2438 fabricam
1096 2367 1288 2438 adiutrices
1313 2371 1538 2460 porrexerint
1554 2379 1594 2440 vt
1608 2392 1689 2464 pre-

355 2489 470 2558 fertur
486 2493 631 2555 centum
650 2483 726 2552 dies
744 2481 789 2550 de
805 2480 974 2549 iniunctis
991 2479 1042 2548 eis
1059 2480 1268 2570 penitentiis
1286 2477 1558 2552 misericorditer
1574 2481 1689 2553 relax-

355 2620 457 2670 amus
482 2592 665 2689 presentes
691 2602 813 2664 antem
831 2592 927 2661 mitti
948 2612 1013 2683 per
1033 2587 1251 2681 questuarios
1268 2588 1460 2663 distridcius
1486 2593 1689 2664 inhibemus

357 2733 416 2782 eas
447 2706 470 2780 fi
502 2706 602 2779 secus
635 2707 754 2777 actum
788 2704 898 2774 fuerit
932 2726 1051 2774 carere
1080 2701 1213 2773 viribus
1247 2702 1521 2775 decernentes·
1551 2703 1688 2777 Datum

358 2822 541 2893 Aninione
559 2820 594 2888 vi
611 2839 724 2888 nonas
743 2815 869 2907 Martij
887 2815 1117 2908 pontificatus
1134 2811 1243 2884 nostri
1261 2838 1355 2887 auno
1371 2814 1526 2888 secundo
1544 2858 1552 2874 ·

356 3151 544 3228 Conceflio
580 3152 883 3248 indulgentiamm
926 3173 991 3242 pro
1029 3148 1253 3220 edificatione
1291 3147 1439 3224 ecclefre
1477 3154 1690 3226 cathedralis

359 3262 641 3340 Abbirdonenlis
659 3306 667 3320 ·

361 3466 544 3568 Clemens
561 3487 745 3583 episcopus
762 3485 884 3557 seruus
902 3485 1082 3556 seruorum
1101 3483 1171 3556 Dei
1189 3481 1361 3558 vniuersrs
1377 3486 1507 3559 Christi
1527 3488 1693 3562 fidelibus

360 3602 542 3698 presentes
559 3600 680 3672 literas
697 3596 905 3692 inspecturis
923 3583 1074 3667 salutem
1089 3605 1127 3666 et
1140 3592 1367 3688 apostolicam
1384 3600 1669 3673 benedictionem
1685 3642 1693 3658 ·

363 3714 468 3787 Licet
494 3717 523 3784 is
549 3713 594 3783 de
617 3714 718 3784 cuius
741 3731 891 3780 munere
909 3720 948 3777 vt
970 3704 1033 3779 fibi
1051 3731 1073 3779 a
1090 3705 1160 3779 suis
1184 3709 1350 3781 fidelibus
1376 3712 1483 3807 digne
1508 3723 1547 3785 et
1572 3713 1694 3786 lauda-

362 3827 484 3898 biliter
512 3825 686 3896 seruiatur
711 3822 756 3893 de
780 3821 1026 3892 habundantia
1050 3821 1196 3914 pietatis
1222 3817 1282 3892 sue
1310 3844 1380 3913 que
1408 3826 1539 3896 merita
1552 3822 1693 3918 'suppli-

362 3962 445 4010 cum
472 3938 615 4009 excedit
641 3945 725 4006 vota
749 3929 813 4004 fibi
839 3933 933 4003 bene
958 3929 1193 4003 seruientibus
1220 3933 1335 4005 multo
1360 3937 1495 4007 maiora
1519 3938 1694 4010 retribuat

364 4073 472 4143 quam
489 4048 631 4120 ualeant
658 4046 850 4139 promereri
872 4043 1123 4115 nichilominus
1141 4053 1263 4115 tamen
1281 4044 1520 4119 defiderantes
1538 4048 1694 4121 Domino

362 4163 512 4233 reddere
546 4158 719 4252 populum
748 4155 1004 4248 acceptabilem
1036 4164 1074 4227 et
1103 4155 1278 4227 bonorum
1308 4180 1455 4250 operum
1485 4158 1694 4233 sectatorem

365 4272 489 4343 fideles
506 4269 597 4364 ipsos
610 4270 654 4340 ad
668 4268 963 4361 complacendum
977 4269 1010 4338 ei
1024 4262 1121 4359 quasi
1135 4266 1345 4359 quibusdam
1358 4269 1554 4343 colledtiuis
1571 4296 1696 4346 muna

361 4385 470 4455 ribus·
484 4381 718 4475 indulgentiis
736 4379 904 4450 videlicet
925 4387 962 4449 et
986 4374 1244 4451 remissionibus
1266 4381 1462 4454 inuitamus
1479 4394 1518 4454 vt
1545 4380 1608 4478 ipsr
1634 4409 1697 4457 ex·

365 4496 450 4566 inde
467 4494 663 4565 reddantur
678 4491 800 4562 diuine
816 4490 932 4584 gratie
949 4492 1124 4583 aptiores·
1138 4489 1230 4562 Cum
1249 4487 1476 4584 itaque'srcut
1495 4497 1696 4589 accepimus
