4088 5430
348 605 418 670 180
864 592 1171 667 REGISTRUM
1541 595 1694 689 [secum

347 799 450 867 nicus
467 791 737 866 Aberdonensrs
763 802 801 865 et
827 795 1083 887 prebendarius
1109 795 1154 864 de
1173 791 1289 864 Elone
1315 794 1352 862 iu
1377 794 1503 864 eadem
1530 804 1693 866 eternam

348 910 387 978 in
413 906 571 977 Domino
601 905 753 978 salutem
780 947 788 962 ·
816 907 876 976 Ad
907 917 1119 999 perpetuam
1149 908 1199 976 rei
1231 907 1441 976 memoriam
1471 907 1510 976 in
1537 905 1694 978 vestrum

350 1021 512 1089 omnium
547 1020 685 1090 deduco
719 1021 889 1089 noticiam
920 1020 1015 1109 quod
1050 1042 1133 1088 cum
1167 1018 1298 1089 nobilis
1328 1020 1495 1089 dominus
1529 1019 1695 1088 dominus

354 1131 564 1201 Willelmus
582 1132 627 1201 de
645 1130 747 1201 Kcth
765 1129 993 1200 marescallus
1011 1130 1134 1199 Scotie
1152 1129 1318 1199 dominus
1345 1129 1491 1200 barouie
1509 1131 1554 1200 de
1571 1129 1695 1200 Aldcn

352 1243 446 1314 infra
462 1243 754 1313 vicecomitatum
773 1243 817 1312 de
835 1242 1008 1313 Aberden
1031 1243 1068 1309 in
1093 1242 1419 1311 remunerationem
1447 1240 1695 1334 obsequiorum

352 1366 390 1425 et
408 1351 542 1447 consilij
561 1378 625 1446 per
641 1378 699 1425 me
718 1350 781 1425 fibi
801 1351 1040 1446 impensorum
1058 1376 1122 1445 pro
1135 1350 1171 1422 se
1185 1363 1223 1422 et
1241 1352 1433 1424 heredibus
1449 1351 1520 1424 suis
1538 1364 1577 1424 et
1594 1350 1697 1448 affig-

353 1468 447 1538 natis
474 1476 513 1538 et
539 1463 790 1537 successoribus
818 1466 958 1536 dederit
986 1461 1193 1536 concesserit
1222 1472 1260 1533 et
1288 1474 1387 1535 carta
1409 1461 1471 1535 sua
1496 1463 1601 1557 super
1627 1465 1696 1536 hoc

353 1580 516 1651 confecta
541 1580 805 1649 confirmauerit
824 1580 861 1647 in
879 1601 1006 1670 puram
1032 1571 1261 1647 elemosinam
1281 1575 1361 1645 Deo
1389 1585 1427 1645 et
1453 1577 1558 1647 beate
1577 1576 1696 1647 Marie

352 1693 480 1785 virgini
513 1702 550 1762 et
580 1692 746 1760 omnibus
776 1687 904 1760 sanstis
934 1700 972 1760 et
1002 1690 1062 1757 vni
1093 1688 1280 1780 capellano
1316 1699 1490 1780 perpetuo
1520 1692 1558 1758 in
1588 1690 1696 1760 choro

354 1803 547 1874 cathedrali
583 1798 731 1874 ecclesie
765 1796 1034 1871 Aberdoucnsrs
1067 1797 1311 1870 ministratum
1346 1802 1598 1892 inperpetuum
1632 1825 1697 1894 pro

354 1918 473 1987 anima
498 1938 579 1987 mea
604 1924 642 1985 et
668 1938 731 2007 pro
758 1917 878 1984 anima
905 1914 989 1983 disti
1019 1914 1155 1982 domini
1175 1911 1356 1982 Willelmi
1375 1914 1420 1982 de
1438 1911 1540 1983 Keth
1567 1937 1609 1984 ac
1631 1936 1697 2005 pro

353 2027 540 2098 animabus
566 2028 728 2097 onmium
752 2026 914 2096 fidelium
933 2025 1192 2101 defunttorum,
1210 2021 1405 2094 secundum
1432 2021 1698 2117 dispositionem

353 2162 472 2209 meam
489 2138 552 2209 sex
569 2162 706 2208 marcas
724 2135 853 2207 usualis
879 2148 1025 2205 monete
1043 2139 1152 2205 annui
1174 2137 1336 2206 redditus
1354 2138 1540 2207 annuatim
1567 2135 1699 2229 persol-

354 2252 490 2322 uendas
507 2251 550 2320 ad
569 2247 659 2320 fosta
678 2245 907 2319 Pentecostcs
926 2261 964 2317 et
983 2248 1103 2318 Sandi
1124 2247 1276 2318 Martini
1295 2250 1331 2317 in
1351 2271 1454 2339 yeme
1471 2272 1536 2341 per
1553 2251 1699 2341 equales

354 2362 537 2454 portiones
556 2363 600 2431 de
618 2363 722 2430 terris
747 2359 818 2430 suis
837 2361 882 2430 dc
899 2359 1161 2452 Aclrydonalde
1187 2383 1270 2430 cum
1296 2363 1525 2452 pertinentiis
1543 2363 1580 2431 in
1598 2362 1700 2433 baro-

354 2475 415 2544 nia
432 2474 477 2543 de
495 2472 617 2542 Aldcn
642 2470 851 2563 supradisiis
869 2482 907 2541 et
925 2471 1077 2564 ipsarum
1107 2481 1283 2541 terrarum
1311 2495 1430 2542 annuo
1451 2473 1594 2543 redditu
1619 2498 1700 2567 pre·

355 2587 450 2656 disto
468 2584 738 2676 quomodolibet
764 2584 954 2654 deficiente
973 2585 1018 2654 de
1036 2586 1177 2676 integra
1200 2584 1346 2654 baronia
1364 2585 1409 2654 de
1426 2584 1549 2655 Aldeu
1576 2585 1701 2657 leuan-

356 2699 419 2769 dss
445 2707 483 2767 et
510 2697 668 2788 plenarie
700 2694 951 2786 persoluendas
981 2694 1112 2785 absque
1142 2697 1425 2766 contradishone
1458 2694 1700 2790 cuiuscunque

357 2811 449 2879 infra
472 2806 668 2879 clausirram
695 2808 845 2877 canonic
864 2808 908 2876 de
926 2806 1121 2876 Aberdonc
1145 2830 1209 2899 per
1225 2831 1353 2877 manus
1379 2809 1504 2879 balliui
1530 2820 1594 2879 aut
1619 2811 1701 2880 hus-

357 2921 555 2991 bandorum
583 2917 643 2989 scu
669 2918 950 2988 inhabitantium
969 2919 1081 2989 distas
1099 2929 1211 2989 terras
1228 2916 1293 2989 sub
1311 2921 1419 2991 certis
1446 2922 1547 3014 penis
1572 2932 1610 2991 et
1635 2920 1700 2992 sub

358 3033 566 3103 colrcrtionc
594 3041 669 3100 tam
696 3025 933 3100 ecclesiastica
950 3053 1056 3121 quam
1084 3031 1273 3123 temporali
1300 3043 1406 3124 prout
1431 3033 1499 3102 hcc
1525 3035 1645 3104 omnia
1662 3037 1700 3105 in

357 3156 457 3215 carta
473 3141 534 3213 suc
553 3143 755 3212 donationis
774 3142 866 3211 sadra
890 3141 1032 3233 plonius
1058 3145 1315 3212 continentur·
1335 3166 1442 3234 quam
1468 3144 1701 3216 donationem

358 3250 676 3328 excellentissimus
694 3255 857 3346 princeps
875 3277 916 3322 ac
934 3254 1099 3323 dominus
1118 3251 1237 3324 noster
1255 3255 1420 3325 domiuus
1435 3254 1616 3328 Robertus
1630 3257 1701 3329 Dei

357 3371 473 3463 gratia
496 3391 559 3438 rex
578 3367 701 3437 Scotic
727 3363 873 3435 illustris
892 3367 927 3434 in
947 3367 1113 3435 omnibus
1139 3365 1209 3436 suis
1235 3370 1375 3458 punitis
1393 3379 1430 3438 ct
1448 3369 1608 3440 articulis
1635 3368 1701 3441 sub

359 3483 479 3575 magni
515 3478 619 3573 sigilli
655 3475 706 3547 siri
737 3474 943 3547 testimonio
977 3477 1190 3570 approbauit
1224 3479 1417 3549 ratificauit
1450 3490 1489 3551 et
1522 3506 1568 3551 ex
1603 3496 1702 3553 certa

359 3594 509 3665 scientia
537 3591 764 3662 confirmauit
788 3602 826 3658 ct
849 3585 1081 3659 l'ansiffimus
1108 3592 1144 3658 in
1169 3587 1309 3660 Christo
1337 3601 1439 3683 pater
1468 3617 1509 3664 ac
1536 3595 1702 3665 dominus

359 3702 480 3775 nostor
509 3705 675 3773 dominus
704 3701 874 3771 Clemens
904 3701 1027 3771 diuina
1056 3703 1284 3793 prouidentia
1313 3727 1405 3796 papa
1435 3702 1606 3796 septimus
1636 3704 1701 3777 sub

362 3817 460 3887 bulla
477 3814 538 3886 sua
555 3815 782 3885 confirmauit
800 3808 890 3882 srcut
909 3837 954 3881 ex
977 3810 1130 3904 ipsorum
1159 3814 1272 3884 literis
1294 3826 1396 3906 patet
1414 3815 1644 3887 luculenter·
1663 3831 1701 3888 et

361 3954 427 4023 ego
450 3927 660 3996 Willelmus
687 3926 731 3994 de
758 3924 910 3994 Calabro
941 3926 1133 3995 canonicus
1165 3939 1202 3995 et
1232 3927 1486 4017 prebendarius
1513 3930 1558 3999 dc
1584 3928 1701 4000 Elone

360 4041 561 4111 antcdistus
589 4037 782 4108 attendens
810 4037 904 4127 quod
934 4037 1114 4105 modernis
1141 4039 1364 4129 temporibus
1391 4037 1452 4109 sex
1481 4062 1600 4112 marce
1627 4066 1701 4114 non

360 4152 539 4223 sufficiunt
563 4151 750 4220 aunuatim
768 4150 812 4219 ad
830 4146 1126 4219 sustentationem
1145 4172 1337 4241 congruam
1356 4152 1532 4244 capellani
1550 4162 1587 4224 et
1605 4157 1701 4246 quod

362 4263 478 4334 multa
495 4264 589 4331 bona
606 4262 825 4353 percepcn'm
845 4263 890 4331 de
907 4262 1090 4354 prebenda
1106 4284 1188 4332 mea
1205 4262 1250 4331 de
1269 4262 1384 4332 Elone
1401 4265 1560 4354 predista
1577 4268 1700 4337 diuino

361 4375 496 4447 auxilio
523 4376 689 4443 inuocato
707 4369 754 4443 src
773 4370 920 4464 dispono
938 4383 975 4442 et
994 4374 1119 4442 ordino
1137 4373 1232 4464 quod
1258 4368 1433 4443 stallarius
1456 4372 1531 4446 sure
1549 4378 1700 4449 vicarius

360 4487 453 4559 stalli
484 4488 528 4557 de
557 4485 651 4555 Elon
679 4486 714 4554 in
747 4484 854 4555 choro
884 4481 1033 4556 ecclesio
1060 4481 1327 4556 Aberdonensrs
1355 4487 1415 4577 qui
1445 4510 1510 4579 pro
1538 4496 1700 4582 tempore
