4088 5430
351 647 421 714 332
871 634 1179 707 REGISTRUM
1543 638 1705 733 [sucum

352 833 589 929 Elphinstone
605 874 613 891 ·
631 833 781 903 Andrea
810 828 1048 925 Elphinstone
1070 872 1079 888 ·
1102 842 1140 903 et
1171 831 1325 904 Matheo
1353 833 1476 906 Pacok
1501 832 1634 906 clerico
1663 846 1704 907 et

350 950 490 1019 notario
508 946 652 1039 publico
670 985 679 1001 ·
699 967 781 1016 cum
799 939 945 1014 diuersrs
962 943 1066 1037 alijs·

351 1281 568 1373 Preceptum
602 1275 714 1350 saline
744 1276 848 1370 super
882 1274 1017 1348 eisdem
1060 1299 1102 1346 ac
1144 1272 1249 1367 super
1289 1273 1469 1350 sexdecim
1511 1281 1704 1371 perticatis

349 1402 526 1463 terrarum
549 1390 698 1460 Andree
720 1385 841 1482 Bylsat
863 1383 1033 1459 concessis
1052 1441 1060 1456 .

351 1591 656 1698 WillelmusDei
675 1621 713 1681 et
731 1607 924 1702 apostolice
941 1606 1033 1679 sedis
1044 1610 1160 1702 gratia
1171 1606 1355 1702 episcopus
1366 1609 1648 1684 Abirdonenlin·
1665 1655 1674 1671 ·
1691 1658 1700 1673 ·

350 1725 561 1797 Alexandro
580 1721 665 1815 Kyd
691 1721 826 1792 balliuo
844 1717 964 1790 nostro
982 1759 991 1775 ·
1010 1759 1017 1775 ·
1038 1759 1045 1775 ·
1065 1719 1162 1802 Quia
1181 1767 1187 1776 ·
1207 1761 1215 1776 ·
1235 1760 1243 1775 ·
1262 1721 1307 1792 ad
1333 1722 1570 1793 feodilirmam
1593 1724 1703 1803 dimi,

350 1834 458 1907 fimus
476 1832 618 1905 dilettis
635 1832 869 1904 familiaribus
891 1832 1029 1902 clericis
1056 1826 1185 1900 nostris
1204 1829 1381 1902 Duncano
1399 1830 1552 1904 Scherar
1568 1837 1701 1906 rettori

350 1949 394 2018 dc
406 1946 490 2018 Clat
508 1954 546 2014 et
557 1943 706 2014 Andree
721 1938 842 2035 Bylsat
857 1944 988 2012 vicario
1003 1943 1048 2012 de
1062 1941 1254 2034 Inuerrory
1267 1943 1418 2014 cuilibet
1435 1967 1560 2015 eorum
1578 1941 1703 2040 singil-

348 2058 451 2130 latim
482 2054 663 2126 sexdecim
694 2050 925 2147 [perticatas]
958 2063 1134 2124 terrarum
1167 2049 1367 2124 nostrarum
1401 2057 1439 2124 in
1469 2055 1702 2150 longitudine

349 2172 508 2240 iacentes
542 2168 580 2235 in
615 2167 766 2235 ciuitate
800 2160 920 2234 nostra
953 2160 1015 2234 seu
1045 2165 1159 2257 burgo
1189 2159 1441 2234 Aberdenensr
1471 2189 1517 2237 ex
1551 2165 1701 2240 australi

349 2275 541 2350 mantionis
576 2278 621 2347 de
656 2274 902 2367 lnnemochty
932 2285 1039 2366 prout
1069 2277 1107 2345 in
1137 2277 1244 2345 cartis
1279 2271 1406 2346 nostris
1440 2278 1492 2347 eis
1526 2280 1702 2352 confertis

348 2391 491 2483 plenius
522 2389 730 2459 continetur
758 2386 858 2455 vobis
888 2386 1001 2478 igitur
1030 2427 1037 2442 ·
1069 2426 1076 2441 ·
1106 2425 1114 2442 ·
1144 2385 1356 2456 mandamus
1386 2396 1565 2477 quatenus
1595 2390 1702 2462 didtis

349 2498 525 2595 magistris
544 2498 722 2568 Duncano
749 2505 787 2566 et
812 2495 961 2566 Andree
984 2537 991 2553 ·
1017 2537 1024 2552 ·
1049 2493 1225 2567 -safinam
1251 2496 1502 2568 hereditariam
1521 2500 1702 2571 dittarum

349 2611 529 2684 sexdecim
548 2620 586 2680 et
604 2608 783 2679 sexdecim
811 2609 1066 2698 perticatarum
1086 2616 1261 2677 terrarum
1279 2630 1362 2677 cum
1381 2605 1452 2679 suis
1469 2613 1703 2705 pertinentijs

349 2724 534 2794 tradatis·
563 2761 570 2775 ·
599 2761 606 2775 ·
636 2719 773 2789 Datum
808 2715 873 2788 sub
902 2712 1015 2811 sigillo
1046 2713 1167 2786 nostro
1196 2718 1352 2787 rotundo
1382 2720 1478 2811 apud
1508 2722 1701 2794 ciuitatem

349 2829 505 2904 nostram
523 2827 818 2901 Aberdonensem
837 2829 897 2920 xvj
917 2829 1142 2921 Septembris
1161 2848 1234 2899 an.
1253 2849 1509 2901 mccccxcn·

349 3168 459 3239 Carta
475 3168 624 3237 Andree
642 3165 799 3236 Ancroft
817 3165 910 3234 satta
928 3160 1096 3257 magistro
1115 3163 1265 3257 Symoni
1284 3164 1423 3235 Dodis·

350 3367 528 3463 Andreas
555 3388 711 3459 Ancroft
740 3380 925 3479 burgensis
952 3386 997 3455 de
1022 3384 1218 3456 Aberdene
1241 3424 1248 3440 ·
1270 3424 1278 3440 ·
1300 3424 1309 3440 ·
1332 3386 1370 3456 N
1373 3390 1521 3458 oueritis
1550 3411 1635 3460 me·
1661 3432 1697 3447 ··

349 3498 543 3575 vendidisse
562 3540 570 3555 ·
589 3540 597 3555 ·
618 3540 625 3555 ·
645 3493 813 3591 magistro
840 3495 989 3589 Symoni
1017 3494 1132 3566 Dodis
1154 3536 1162 3552 ·
1186 3536 1194 3552 ·
1219 3537 1227 3552 ·
1250 3520 1410 3568 annuum
1437 3500 1618 3570 redditum
1646 3525 1699 3573 xx

348 3610 541 3683 solidorum
569 3650 577 3667 ·
604 3651 611 3665 ·
638 3649 646 3664 ·
673 3608 869 3679 leuandum
900 3608 1088 3677 annuatim
1112 3647 1120 3662 ·
1146 3647 1154 3662 ·
1181 3609 1254 3678 ·de
1284 3609 1423 3679 duobus
1453 3611 1576 3681 erotis
1605 3616 1698 3683 meis

348 3722 549 3793 iacentibus
567 3723 605 3791 in
623 3720 803 3790 territorio
822 3718 867 3787 de
885 3716 1058 3787 Aberden
1077 3740 1123 3787 ex
1140 3728 1243 3809 parte
1261 3719 1388 3789 boriali
1406 3720 1564 3790 eiusdem
1593 3722 1697 3818 burgi

349 3855 419 3902 vno
438 3832 607 3902 videlicet
624 3838 832 3922 nuncupato
856 3824 908 3898 tlte
928 3851 1021 3922 percy
1039 3825 1126 3921 crofl
1146 3829 1287 3899 iacente
1308 3831 1405 3899 inter
1426 3831 1556 3902 croftas
1574 3830 1698 3905 Dauid

348 3941 434 4012 Mar
452 3965 497 4012 ex
516 3939 660 4013 australi
678 3949 717 4010 et
740 3939 865 4010 boriali
885 3940 979 4009 viam
1005 3940 1141 4031 regiam
1167 3962 1238 4029 qua
1263 3942 1375 4010 itura
1393 3942 1486 4011 dieto
1513 3941 1626 4036 burgo
1651 3945 1698 4015 de

347 4051 543 4123 Aberdene
578 4052 623 4122 ad
657 4058 806 4142 pontem
850 4051 911 4140 qui
947 4048 1127 4142 wlgariter
1161 4049 1293 4119 dicitur
1326 4049 1538 4145 Tbeuilbrig
1574 4053 1698 4125 versus

347 4163 484 4233 boriam
508 4185 555 4233 ex
579 4161 745 4231 orientali
764 4170 802 4230 et
820 4182 931 4230 vnum
957 4158 992 4229 le
1010 4180 1083 4252 nyg
1099 4158 1276 4230 lobannis
1294 4160 1433 4232 Culane
1459 4185 1505 4233 ex
1531 4165 1699 4236 occiden-

348 4273 411 4344 tali
438 4270 601 4364 partibus
619 4310 627 4325 ·
647 4278 684 4340 et
711 4271 756 4340 de
784 4293 853 4340 vno
878 4271 949 4340 alio
974 4292 1054 4340 meo
1081 4270 1195 4341 orosto
1222 4268 1282 4339 seu
1311 4280 1408 4342 terra
1435 4273 1659 4345 extendente
1677 4301 1700 4347 a

348 4385 484 4453 vortice
511 4381 646 4450 montis
672 4377 836 4450 deorsum
859 4377 968 4472 vsque
994 4381 1040 4450 ad
1066 4380 1100 4450 le
1117 4379 1309 4471 helylande
1327 4383 1424 4453 inter
1440 4393 1573 4454 terram
1591 4387 1700 4457 crofti

347 4493 468 4565 Dauid
501 4491 610 4561 Prate
638 4512 683 4560 ex
714 4499 816 4581 parte
842 4489 1059 4562 occidentali
1095 4513 1141 4560 ex
1177 4513 1248 4561 vna
1281 4501 1319 4562 et
1354 4504 1487 4564 terram
1521 4495 1699 4568 heredum
