4058 5430
336 604 382 669 48
854 590 1159 665 REGISTRUM
1526 592 1678 687 [sucum

334 794 432 867 saluo
458 794 536 866 iure
560 816 657 863 nuno
681 793 827 863 rectoris
852 788 1010 862 eiusdem
1027 787 1210 883 quousque
1228 790 1333 861 cedat
1351 790 1410 861 vel
1434 792 1586 863 decedat
1605 832 1613 847 ·
1633 790 1678 862 In

335 908 437 979 ouius
454 907 507 978 rei
523 901 769 977 testimonium
793 901 949 997 presenti
971 912 1070 975 carte
1095 899 1214 973 nostre
1231 898 1388 996 sigillum
1414 901 1574 975 nostrum
1599 926 1680 997 pre·

336 1022 497 1113 cepimus
514 1016 645 1111 apponi
659 1011 843 1087 -Testibus
860 1014 1124 1087 venerabilibus
1140 1016 1178 1085 iii
1196 1009 1337 1085 Christo
1353 1015 1516 1108 patribus
1534 1014 1680 1086 Willel-

336 1154 397 1202 mo
411 1139 449 1202 et
460 1129 629 1202 Johanne
642 1126 766 1200 sanci
778 1125 927 1198 Andree
940 1135 978 1198 et
991 1121 1221 1220 Glasguensis
1232 1124 1304 1196 Dei
1320 1127 1437 1220 gratia
1449 1123 1678 1199 ecclesiarum

337 1241 511 1338 episcopis
528 1282 537 1299 ·
555 1238 741 1313 Bernardo
766 1238 898 1311 abbate
915 1238 961 1309 de
978 1236 1282 1309 Abbrebrotbock
1303 1238 1516 1311 cancellario
1532 1234 1651 1309 nostro
1669 1278 1677 1295 ·

336 1353 476 1427 Jacobo
500 1354 646 1425 domino
663 1352 709 1423 de
723 1350 885 1446 Douglas
902 1388 912 1407 ·
929 1349 1068 1421 Thonis
1084 1348 1280 1443 Ranulphy
1296 1351 1430 1421 comite
1447 1349 1615 1423 Morauie
1640 1362 1679 1423 et

338 1468 484 1539 domino
502 1464 620 1539 Vallis
640 1463 837 1536 Annandie
862 1473 900 1535 et
929 1460 1082 1533 Mannie
1107 1469 1240 1554 nepote
1265 1458 1386 1532 nostro
1409 1500 1418 1519 ·
1440 1461 1608 1534 Gilberto
1633 1465 1678 1535 de

338 1578 445 1672 Haya
469 1575 729 1651 constabulario
755 1574 878 1647 Scotie
895 1612 904 1629 ·
922 1573 1084 1647 Roberto
1105 1573 1151 1643 de
1168 1570 1271 1643 Ketli
1296 1570 1502 1645 marescallo
1528 1574 1677 1647 Scotie·

234 1770 237 1777 ,
338 1702 377 1763 et
406 1691 617 1763 Alexandro
648 1684 773 1761 Frsser
804 1686 1020 1759 militibus·
1049 1684 1145 1779 apud
1181 1682 1393 1779 Edinburgh
1424 1681 1590 1758 vicesimo
1620 1689 1678 1759 die

339 1802 465 1895 Martij
483 1825 577 1874 anno
595 1800 696 1897 regni
712 1794 821 1873 nostri
840 1793 1179 1870 vicesimosecundo
1198 1837 1206 1852 ·

338 2138 455 2211 Elone
472 2135 637 2210 instituta
654 2179 662 2194 ·

339 2342 535 2437 Vniuersis
560 2361 679 2434 sande
703 2361 829 2431 matris
855 2353 1002 2431 ecclesie
1023 2357 1106 2429 filiis
1131 2356 1314 2451 presentes
1339 2359 1462 2431 literas
1480 2360 1603 2433 visuris
1621 2363 1678 2434 vel

337 2476 513 2550 audituris
530 2473 712 2545 Henricus
727 2466 953 2567 permissione
971 2469 1094 2540 diuina
1110 2465 1378 2541 Aberdonensis
1394 2467 1543 2544 ecclesie
1560 2471 1679 2545 minis-

337 2600 395 2660 ter
410 2586 558 2660 humilis
574 2597 737 2657 eternam
756 2585 794 2655 in
807 2582 965 2654 Domino
979 2578 1131 2653 sulutem
1145 2619 1155 2639 ·
1167 2576 1406 2653 Vniuerfitati
1419 2579 1535 2656 vestre
1551 2600 1678 2659 notum

337 2702 488 2773 facimus
512 2721 577 2792 per
598 2694 781 2791 presentes
798 2694 893 2788 quod
911 2716 993 2766 oum
1012 2686 1249 2764 serenissimus
1272 2694 1437 2788 princeps
1454 2719 1496 2767 ac
1513 2697 1679 2769 dominus

337 2810 456 2884 noster
466 2811 633 2882 dominus
644 2808 825 2880 Robertus
836 2806 906 2878 Dei
919 2806 1037 2900 gratia
1049 2826 1113 2875 rex
1127 2802 1335 2875 Scottorum
1349 2802 1497 2879 illustris
1509 2805 1679 2904 religiosis

337 2927 422 2997 viris
447 2922 601 2995 dominis
625 2920 749 2992 abbati
774 2930 812 2991 et
837 2917 1033 2991 conuentui
1051 2915 1096 2986 de
1114 2912 1257 3007 Kynlos
1279 2912 1520 2990 cisterciensis
1545 2922 1679 2993 ordinis

338 3029 578 3108 Morauiensis
603 3026 762 3127 dyocesis
786 3031 842 3102 ius
864 3037 1076 3125 patronatus
1098 3031 1230 3102 vicarie
1254 3026 1402 3104 ecclesie
1428 3034 1473 3106 de
1500 3034 1615 3107 Elone
1641 3039 1677 3108 iii

337 3146 526 3219 Buchania
545 3145 605 3239 pio
623 3144 751 3215 dubius
766 3141 897 3214 affeetu
917 3137 1122 3214 contulisset
1140 3154 1178 3214 et
1195 3166 1259 3238 per
1275 3154 1411 3216 cartam
1428 3143 1528 3219 suam
1544 3145 1677 3221 eisdem

336 3254 575 3330 confirmasset
605 3254 686 3328 Nos
714 3255 889 3326 ditiorum
915 3251 1159 3349 religiosorum
1187 3259 1391 3350 paupertati
1412 3270 1451 3331 et
1475 3258 1678 3355 monasterij

336 3370 389 3443 sui
407 3368 636 3442 destruscioni
656 3390 721 3461 per
735 3388 901 3460 guerram
920 3374 1072 3460 paterno
1089 3370 1356 3462 compacientes
1381 3370 1509 3444 affeiiu
1526 3376 1572 3445 ad
1589 3377 1679 3447 rele-

337 3484 497 3557 uandum
514 3503 638 3553 eorum
661 3472 888 3550 neceffitates
905 3487 944 3548 et
961 3475 1095 3548 statum
1113 3478 1158 3549 de
1175 3478 1365 3552 voluntate
1386 3480 1522 3555 assensu
1540 3497 1577 3558 et
1595 3512 1680 3559 oon-

337 3593 438 3667 sensu
454 3594 568 3666 totius
584 3591 734 3686 capituli
756 3586 867 3660 nostri
884 3591 1020 3660 vocatis
1037 3591 1206 3662 vocandis
1223 3593 1260 3661 in
1277 3615 1388 3687 regno
1414 3593 1650 3670 existentibus
1669 3640 1677 3657 ·

337 3707 461 3779 habito
486 3707 585 3801 prius
601 3701 707 3797 'super
723 3701 791 3773 hoo
808 3700 988 3793 frequenti
1006 3699 1170 3796 diligenti
1189 3713 1227 3774 et
1245 3701 1417 3800 solempni
1443 3709 1597 3782 tratbatn
1616 3736 1680 3805 per

338 3816 480 3888 eosdem
497 3819 535 3888 iii
552 3814 711 3911 capitulo
728 3811 848 3884 nostro
862 3850 870 3868 ·
886 3813 1018 3883 distem
1031 3814 1199 3885 vicumam
1217 3815 1262 3885 de
1276 3814 1393 3889 Elone
1409 3832 1597 3893 vocantem
1616 3848 1680 3917 per

338 3925 613 4023 resignationem
632 3924 773 3998 disereti
791 3924 857 3995 viri
874 3923 1012 3994 domini
1033 3922 1183 3995 Roberti
1202 3927 1248 3997 de
1265 3926 1387 4000 Peblis
1404 3931 1540 4005 dudum
1557 3936 1678 4007 vicarii

339 4040 496 4111 eiusdem
520 4042 560 4110 iii
584 4038 751 4110 manibus
779 4032 908 4107 nostris
934 4034 1065 4107 faciam
1095 4060 1177 4108 oum
1207 4041 1374 4111 omnibus
1400 4044 1679 4119 obuentionibus

339 4151 581 4224 oblationibus
613 4150 813 4221 redditibus
841 4158 880 4219 et
908 4146 988 4218 aliis
1017 4148 1287 4242 quibuscunque
1316 4149 1418 4225 iustis
1451 4159 1679 4249 pertinentiis

339 4264 409 4336 suis
437 4262 603 4357 prodistis
627 4256 798 4354 religiosis
822 4260 945 4332 abbati
972 4270 1010 4330 et
1036 4265 1234 4333 conuentui
1265 4264 1311 4335 de
1338 4262 1481 4358 Kynlos
1509 4269 1554 4340 ad
1579 4268 1676 4343 suam

339 4374 634 4447 sustentationem
663 4372 700 4442 iii
730 4373 890 4465 proprios
919 4369 1000 4442 vliis
1031 4373 1193 4445 caritatis
1226 4377 1361 4447 intuitu
1391 4380 1611 4454 contulimus
1641 4396 1678 4455 et

340 4512 404 4582 per
426 4483 609 4581 presentes
635 4483 755 4555 literas
781 4480 913 4554 eisdem
939 4483 1229 4559 confirmauimus
1246 4488 1284 4558 in
1302 4489 1503 4584 formaque
1520 4490 1679 4587 sequitur
