4088 5430
347 617 416 683 ⁰259
580 545 587 554 ·
860 604 1163 681 REGISTRUM
1527 608 1683 704 [sucum

346 846 354 862 ·
371 846 380 861 ·
397 845 406 861 ·
423 806 636 878 celebrando
652 828 717 898 pro
734 805 920 876 animabus
938 806 1021 875 dieti
1036 805 1172 876 domini
1185 803 1365 876 Willelmi
1385 804 1562 878 Modroch
1580 813 1684 879 antoss

347 913 519 990 cessorum
536 927 573 989 et
590 913 823 988 successorum
840 913 1040 988 nostrorum
1059 958 1067 974 ·
1085 956 1093 972 ·
1111 955 1119 973 ·
1136 916 1198 987 Ad
1211 939 1300 1009 quos
1317 914 1378 988 sex
1396 915 1525 989 solidos
1543 927 1582 990 et
1600 918 1683 992 octo

349 1031 511 1102 denarios
535 1032 721 1101 annuatim
743 1026 998 1122 persoluendos
1021 1029 1186 1099 volumus
1212 1069 1221 1087 ·
1251 1069 1259 1086 ·
1286 1067 1295 1085 ·
1319 1030 1415 1120 quod
1443 1030 1569 1102 domus
1599 1055 1684 1103 con·

349 1137 479 1212 struite
508 1150 546 1213 et
571 1138 808 1212 construende
838 1142 876 1210 in
901 1140 997 1210 ditio
1027 1137 1147 1211 manso
1176 1148 1387 1211 remaneant
1415 1142 1684 1234 imperpetuum

349 1248 490 1324 astridte
511 1261 549 1325 et
571 1252 729 1347 obligata
756 1291 764 1308 ·
793 1292 801 1308 ·
828 1291 836 1308 ·
863 1250 975 1345 Apud
1003 1247 1188 1322 eccieslam
1214 1248 1371 1323 nostram
1388 1250 1682 1324 Aberdonensem

350 1366 476 1435 octauo
493 1365 552 1434 die
569 1358 699 1433 mensis
717 1361 937 1433 Nouembris
954 1385 1047 1434 anno
1065 1362 1214 1433 Domini
1240 1359 1429 1434 millesimo
1446 1365 1685 1460 quadringen-

351 1471 478 1546 tesimo
495 1469 763 1569 quadragesimo
781 1476 907 1545 octauo
926 1513 934 1530 ·

353 1696 404 1768 Et
421 1696 498 1792 Ego
517 1696 696 1769 Henricus
714 1696 839 1790 Hervy
856 1704 1046 1790 precentor
1062 1693 1245 1768 consentio
1264 1706 1302 1768 et
1318 1719 1378 1768 me
1393 1696 1572 1770 subscribo
1589 1740 1598 1757 ·

354 1806 432 1903 Ego
450 1807 647 1880 Duncanus
666 1809 833 1903 Lychton
850 1809 1083 1881 cancellarius
1100 1807 1283 1879 consentio
1301 1819 1339 1880 et
1355 1806 1533 1881 subscribo
1551 1852 1559 1867 ·

354 1919 404 1991 Et
422 1920 499 2015 Ego
518 1919 697 1993 Henrious
715 1921 845 2014 Rynde
862 1919 1100 1992 thesaurarius
1117 1917 1301 1991 consentio
1318 1928 1356 1990 et
1372 1918 1548 1994 subscribo
1565 1960 1574 1977 ·

355 2032 404 2103 Et
426 2030 504 2127 Ego
525 2031 683 2106 Jacobus
707 2032 863 2105 Stenart
889 2031 1144 2126 prebendarius
1170 2033 1215 2103 de
1238 2031 1408 2104 Rothven
1435 2032 1617 2105 consentio
1647 2045 1686 2107 et

353 2141 743 2350 ddldidcigdd'arqhardus
770 2257 815 2326 de
840 2254 973 2327 Caldor
996 2255 1252 2348 prebendarius
1270 2255 1316 2327 de
1333 2255 1577 2328 Crethmouda
1602 2282 1688 2331 con-

353 2365 467 2449 sentio
485 2375 523 2439 et
539 2363 716 2437 subscribo
734 2407 742 2423 ·

355 2477 404 2548 Et
417 2477 652 2572 Ego'l'homas
664 2476 827 2549 Edname
838 2478 1093 2571 prebendarius
1104 2476 1239 2549 deClat
1251 2476 1433 2550 consentio
1445 2490 1482 2551 et
1493 2478 1686 2553 subscribo·

355 2589 404 2659 Et
422 2589 499 2683 Ego
516 2589 541 2660 J
543 2591 701 2662 ohannes
719 2591 764 2662 de
781 2588 865 2661 Clat
882 2591 1074 2662 canonicus
1087 2587 1354 2661 Aberdonensrs
1372 2589 1554 2663 consentio
1572 2603 1610 2664 et
1627 2617 1687 2666 me

355 2698 705 2907 ddldsdllddoValterus
728 2811 825 2906 Ydyl
855 2811 1110 2906 prebendarius
1136 2815 1182 2884 de
1207 2812 1304 2884 Dere
1333 2811 1516 2886 consentio
1542 2825 1580 2887 et
1606 2815 1689 2888 sub-

355 2922 468 2994 scribo
486 2964 494 2980 ·

356 3257 639 3332 Instrumentum
665 3257 770 3353 super
794 3281 913 3330 annuo
939 3259 1081 3331 redditu
1108 3270 1267 3332 exeunte
1291 3262 1335 3332 de
1361 3265 1464 3334 terris
1491 3264 1537 3334 de
1562 3263 1689 3337 Auch-

356 3373 510 3465 quhorty
526 3409 534 3425 ·

358 3573 412 3668 In
429 3595 574 3664 nomine
588 3592 733 3663 Domini
751 3592 873 3663 Arnen
892 3633 900 3649 ·
919 3633 927 3650 ·
947 3631 955 3647 ·
973 3592 1121 3664 cuncis
1137 3603 1261 3687 pateat
1278 3597 1466 3669 euidenter
1478 3601 1574 3690 quod
1591 3624 1686 3672 anno

356 3709 401 3781 ab
418 3707 663 3778 incarnatione
680 3704 828 3775 Domini
846 3698 1035 3776 millesimo
1053 3704 1401 3800 quadringentesimo
1419 3709 1686 3807 quadragesimo

356 3818 482 3891 octauo
507 3813 637 3889 mensis
663 3839 747 3889 vero
774 3816 993 3887 Nouembris
1019 3817 1077 3888 die
1102 3820 1218 3911 prima
1241 3857 1250 3873 ·
1276 3858 1285 3875 ·
1310 3857 1318 3874 ·
1344 3819 1530 3893 Johannes
1555 3824 1600 3895 de
1618 3824 1692 3919 Fyf

355 3923 539 4024 burgensls
564 3930 609 3999 de
626 3927 798 4000 Aberden
817 3965 825 3982 ·
842 3966 851 3983 ·
868 3967 876 3983 ·
894 3924 1088 4022 resignauit
1105 3967 1114 3985 ·
1130 3967 1139 3984 ·
1157 3967 1166 3984 ·
1183 3951 1294 4000 vnum
1319 3955 1479 4003 annuum
1504 3935 1685 4007 redditum

355 4041 589 4133 quadraginta
604 4037 796 4111 solidorum
812 4078 820 4095 ·
837 4078 845 4094 ·
863 4078 871 4096 ·
889 4041 935 4110 de
952 4043 1057 4111 terris
1071 4041 1115 4111 de
1128 4041 1392 4137 Auchquhorty
1409 4081 1417 4098 ·
1434 4081 1443 4098 ·
1459 4081 1469 4098 ·
1485 4046 1686 4119 iacentibus

355 4155 391 4223 iu
418 4152 575 4222 dominio
592 4151 638 4221 de
655 4150 805 4244 Fyndon
832 4153 924 4223 infra
941 4154 1230 4224 vicecomitatum
1257 4154 1302 4224 de
1328 4152 1549 4248 Kyncardyn
1567 4197 1575 4215 ·
1594 4197 1603 4214 ·
1621 4196 1630 4213 ·
1647 4161 1685 4229 in

353 4263 518 4334 manibus
536 4301 544 4317 ·
563 4301 571 4318 ·
589 4299 597 4315 ·
615 4260 781 4333 Duncani
799 4261 971 4357 Kympdy
985 4260 1234 4357 constabularij
1253 4265 1357 4358 burgi
1375 4266 1421 4337 de
1433 4264 1605 4340 Aberden
1622 4308 1630 4325 ·
1648 4310 1656 4327 ·
1674 4313 1682 4328 ·

354 4374 425 4460 Qui
451 4372 595 4464 quidem
621 4369 818 4444 Duncanus
836 4413 845 4430 ·
863 4414 871 4431 ·
891 4415 899 4431 ·
916 4376 1117 4468 predictum
1144 4398 1303 4447 annuum
1329 4378 1511 4449 redditum
1536 4382 1686 4472 quadra-

352 4489 454 4583 ginta
470 4480 660 4555 solidorum
678 4521 685 4537 ·
702 4522 710 4539 ·
730 4525 737 4542 ·
756 4481 947 4580 resignauit
965 4529 973 4545 ·
993 4529 1001 4545 ·
1020 4528 1029 4546 ·
1048 4485 1216 4582 magistro
1232 4486 1391 4562 Johanni
1410 4489 1494 4562 Olet
1514 4496 1685 4568 canonico
