4088 5430
365 603 466 697 xv1.]
832 602 1237 678 ABERDONENSE.
1634 614 1705 686 407

306 945 339 1011 8.
363 910 614 1014 Mortificatio
632 942 766 1013 domini
784 943 877 1035 regis
894 941 1000 1036 super
1015 942 1229 1013 fundatione
1245 950 1284 1013 et
1300 941 1517 1013 alienatione
1537 966 1579 1013 ae
1598 942 1697 1015 insti·

236 1131 238 1136 ,
359 1055 502 1125 tutione
519 1052 603 1124 diui
621 1051 805 1147 hospitalia
822 1053 867 1124 ad
884 1066 1097 1147 perpetuam
1115 1056 1167 1125 rei
1184 1055 1395 1125 memoriam
1412 1053 1505 1126 falla
1520 1056 1559 1125 in
1588 1057 1697 1149 pleno

359 1165 595 1259 parliamento
613 1175 717 1236 tento
734 1173 773 1235 et
789 1163 957 1235 inchoato
975 1165 1070 1258 apud
1089 1165 1299 1261 Edinburgh
1318 1166 1406 1235 xxiv
1424 1164 1608 1261 Februarij
1623 1191 1697 1239 iun.

360 1296 556 1348 ionum.
575 1287 614 1348 et
631 1299 725 1348 anno
742 1278 843 1371 regni
860 1278 954 1371 regis
967 1278 1030 1347 xix
1059 1317 1066 1332 ·
1086 1278 1281 1350 accedente
1295 1277 1338 1346 ad
1356 1276 1425 1347 hoc
1439 1275 1600 1370 exprello
1611 1303 1696 1350 oon·

360 1386 460 1458 l'eiilii
477 1391 587 1460 trium
604 1390 706 1482 regni
724 1384 883 1459 statuum
902 1429 909 1443 ·

306 1725 339 1793 9
359 1702 593 1798 Αᾶοτηειωε
606 1721 680 1795 siue
692 1727 977 1818 procuratorium
990 1726 1074 1798 diui
1085 1726 1272 1798 reuerendi
1287 1728 1397 1819 patrie
1415 1726 1479 1798 liib
1490 1726 1695 1799 testimonio

359 1861 479 1932 magni
469 1832 598 1932 tigilli
616 1837 752 1907 domini
768 1839 863 1932 regis
880 1860 944 1930 pro
956 1833 1197 1910 safinadauda
1214 1839 1317 1908 diuis
1330 1839 1568 1931 pauperibus·
1584 1839 1693 1933 Apud

359 1949 571 2043 Edinburgh
590 1972 650 2044 va
642 1947 856 2041 Februarij
874 1971 946 2020 an
962 1971 1000 2019 Μ.
1005 1971 1040 2019 n.
1043 1969 1157 2020 xxxi.

283 2293 338 2361 10.
363 2262 592 2379 preceptum
618 2287 703 2358 diei
721 2286 909 2356 reuerendi
927 2289 1039 2377 patris
1056 2308 1120 2378 pro
1137 2283 1251 2358 l'afina
1267 2285 1386 2356 danda
1403 2287 1505 2358 dieis
1531 2295 1693 2394 pauperi7

359 2399 425 2468 bus
443 2396 488 2467 de
499 2399 602 2470 diuis
619 2408 765 2470 centum
777 2397 916 2470 libratis
929 2400 1039 2468 annui
1051 2397 1214 2468 redditus
1229 2397 1361 2491 ·Apud
1381 2398 1592 2493 Edinbnrgh
1604 2405 1694 2495 xxiij

360 2507 544 2602 Februarij
561 2531 635 2579 im.
653 2527 850 2579 inmxxxi.

283 2863 337 2931 ll,
362 2823 655 2918 Instrumentum
672 2840 784 2917 sosine
801 2846 976 2915 diuorum
1003 2846 1191 2918 duodecim
1208 2870 1406 2941 pauperum
1424 2851 1469 2920 de
1492 2849 1693 2922 huiusmodi

360 2973 507 3030 centum
524 2959 663 3030 libratis
681 2998 689 3014 ·
709 2956 877 3029 Secundo
896 2954 1026 3052 Marcij
1047 2979 1119 3029 nn.
1138 2978 1351 3029 innxxxn,

360 3387 485 3483 Carta
501 3411 721 3481 fundationis
738 3411 848 3480 annui
874 3410 1035 3479 redditus
1053 3410 1179 3502 viginti
1207 3421 1360 3501 quatuor
1384 3411 1576 3481 solidorum
1601 3415 1694 3483 fica

359 3524 498 3616 vicarijs
515 3522 612 3595 chori
631 3517 780 3593 ecclesie
797 3520 1012 3593 cathedralia
1028 3519 1295 3593 Aberdonensrs
1320 3547 1385 3616 per
1400 3525 1638 3594 reuerendum
1656 3528 1693 3593 in

359 3632 500 3706 Christo
531 3647 669 3727 patrem
700 3630 909 3729 magistrum
936 3630 1142 3703 Gilbertum
1170 3632 1423 3705 Strathacliine
1448 3637 1622 3706 restorem
1649 3637 1694 3706 de

359 3745 537 3840 Balheluy
554 3747 837 3839 protonotarium
855 3741 1088 3837 apostolicum
1106 3746 1389 3836 canonicumque
1406 3744 1692 3817 Abirdonensem

359 3858 577 3951 percipiendi
604 3856 649 3926 de
674 3852 856 3928 mantione
872 3852 1030 3926 eiusdem
1048 3848 1180 3925 situata
1205 3857 1297 3927 infra
1321 3861 1509 3928 canoniam
1536 3858 1691 3929 Abirdo-

359 3965 505 4040 nensem
524 4011 531 4026 ·
552 3964 626 4039 line
639 3967 718 4038 loco
732 3979 770 4038 et
788 3968 846 4039 die
864 4008 872 4023 ·

360 4284 591 4399 Preceptum
617 4302 702 4374 diui
731 4299 889 4397 magistri
916 4325 980 4395 pro
1004 4297 1117 4373 fasma
1143 4302 1260 4397 danda
1285 4300 1390 4373 dictis
1427 4303 1620 4395 capellanis
1645 4308 1690 4376 de

357 4421 451 4489 dieto
474 4440 594 4488 annuo
611 4416 781 4488 redditu·
805 4413 943 4486 Datum
967 4415 1064 4509 apud
1088 4413 1282 4486 Aberdeen
1307 4416 1343 4505 xj
1373 4414 1592 4486 Nouembris
1616 4440 1688 4488 au.

356 4549 584 4601 mmxxxni.
