4088 5430
349 617 418 684 ala
863 609 1169 684 REGISTRUM
1534 609 1689 705 [ancum

347 819 427 882 tero
451 810 564 883 Curre
586 809 721 882 balliuo
739 809 826 884 disti
851 811 956 905 burgi
979 808 1196 882 ·Willelmo
1214 809 1272 881 Ra
1287 807 1482 904 sergeando
1506 831 1571 902 pro
1594 816 1690 878 tem·

348 945 434 1016 pore
460 962 469 979 ·
495 922 662 994 Johanne
691 922 840 995 Andree
867 924 1040 994 iuniore·
1069 921 1256 994 Willelrno
1286 921 1475 993 Brakanth
1503 959 1512 976 ·
1538 919 1690 991 Andrea

349 1031 516 1127 Hugonis
535 1073 543 1091 ·
562 1033 718 1106 Patricio
741 1033 878 1106 Alloim
897 1074 906 1093 ·
923 1035 1091 1107 Johanne
1115 1035 1274 1128 Talgour
1291 1073 1299 1091 ·
1319 1033 1478 1105 Patricio
1502 1032 1687 1124 Talgour·

350 1143 470 1217 Dauid
487 1146 662 1218 Johannis
679 1185 688 1203 ·
706 1145 896 1219 Willelmo
914 1147 1058 1240 Coupar
1074 1186 1083 1203 ·
1101 1146 1290 1218 Willelmo
1308 1143 1461 1217 Henrici
1479 1186 1487 1201 ·

351 1480 461 1554 Carta
477 1482 622 1575 Patricij
642 1483 793 1577 Cowpar
810 1485 856 1555 de
872 1485 1016 1555 redditu
1034 1486 1071 1578 iij
1089 1521 1098 1541 ·
1115 1480 1177 1555 sol.
1195 1491 1234 1554 et
1251 1484 1299 1575 iiij
1319 1524 1328 1543 ·
1347 1483 1574 1582 denariorum
1593 1521 1601 1536 ·

352 1684 544 1780 Patricius
569 1706 721 1801 Cowpar
745 1705 930 1802 burgensrs
956 1709 1002 1778 de
1028 1705 1201 1778 Aberden
1220 1747 1227 1763 ·
1247 1747 1255 1762 ·
1276 1748 1283 1762 ·
1304 1706 1493 1777 Noueritis
1519 1727 1579 1775 me
1606 1725 1689 1774 curn

351 1817 521 1893 consensu
546 1860 554 1875 ·
580 1860 587 1874 ·
613 1859 621 1876 ·
646 1818 772 1912 sponse
801 1843 882 1890 mee
915 1819 1104 1890 Elisabeth
1132 1818 1298 1912 Culpar·
1327 1860 1335 1875 ·
1360 1813 1581 1889 ·vendidille
1607 1858 1615 1872 ·
1644 1858 1651 1874 ·
1681 1856 1690 1871 ·

350 1933 508 2004 Johanni
542 1932 588 2002 de
616 1931 736 2002 Janua
770 1931 955 2025 capellano
986 1931 1108 2003 altaris
1141 1930 1252 2002 sanai
1288 1931 1440 2002 Niniani
1475 1933 1512 2001 in
1542 1926 1692 2001 ecclesia

350 2043 546 2117 cathedrali
564 2041 813 2115 Aberdonenfi
832 2085 839 2101 ·
860 2085 868 2101 ·
888 2085 896 2101 ·
915 2067 1075 2116 annuum
1101 2044 1283 2115 redditum
1309 2045 1346 2135 iij
1364 2042 1428 2113 sol.
1452 2053 1490 2113 et
1513 2042 1563 2135 iiij
1582 2042 1692 2112 dena-

348 2159 482 2228 riorum
500 2193 507 2211 ·
525 2192 534 2209 ·
551 2192 559 2210 ·
578 2154 772 2226 leuandum
791 2157 837 2226 de
854 2156 917 2226 illa
934 2166 1030 2227 terra
1045 2179 1128 2226 mea
1144 2157 1285 2226 iacente
1303 2157 1340 2225 in
1359 2155 1393 2226 le
1408 2155 1585 2226 Ratowne
1599 2153 1692 2224 Raw

349 2269 453 2364 burgi
472 2268 517 2338 de
536 2266 708 2338 Aberden
735 2270 830 2338 inter
855 2280 986 2339 terram
1005 2267 1142 2338 Thome
1160 2265 1236 2339 Gra
1259 2266 1433 2338 carnificis
1457 2289 1502 2336 ex
1526 2265 1693 2336 occiden-

349 2381 414 2452 tali
440 2389 542 2472 parte
560 2379 605 2449 ab
623 2401 694 2450 vna
711 2390 749 2449 et
766 2388 900 2451 terram
918 2379 1120 2451 Alexandri
1140 2378 1293 2450 Scherar
1318 2378 1494 2450 carnificis
1511 2400 1557 2448 ex
1575 2379 1693 2448 orien-

346 2493 414 2564 tali
432 2502 534 2584 parte
552 2491 598 2561 ab
615 2492 730 2561 altera
747 2529 755 2546 ·
773 2528 781 2546 ·
799 2529 807 2546 ·
826 2489 936 2584 Apud
955 2493 1089 2562 didam
1106 2490 1260 2584 burgum
1278 2492 1315 2583 xj
1329 2491 1353 2562 J
1356 2491 1420 2583 ulij
1434 2513 1528 2561 anno
1542 2488 1693 2560 Domini

350 2622 636 2675 nccacaxxvu
662 2640 671 2656 ·
696 2601 778 2693 Hijs
804 2598 956 2672 testibus
980 2602 1119 2673 Thema
1143 2601 1242 2695 Gray
1265 2643 1273 2660 ·
1297 2603 1465 2674 Johanne
1491 2601 1692 2696 Hugonis·

350 2715 529 2786 Richardo
556 2713 689 2806 Gamyl
713 2754 721 2771 ·
747 2713 958 2784 Alexandro
988 2713 1140 2785 Scherar
1163 2753 1171 2767 ·
1196 2713 1346 2785 Andrea
1376 2714 1526 2806 Murray
1545 2714 1693 2804 juniore

350 2821 585 2921 burgensibus
603 2864 611 2880 ·
629 2826 782 2896 dominis
808 2825 970 2897 Henrieo
989 2825 1150 2918 Lylburn
1169 2866 1178 2881 ·
1196 2826 1219 2897 J
1223 2828 1364 2898 ohanne
1389 2825 1608 2920 Streuelyng
1625 2867 1634 2882 ·
1653 2835 1693 2897 et

351 2940 513 3011 Rubertu
532 2938 638 3030 Leyis
659 2937 853 3030 capellanis
871 2979 879 2995 ·
899 2979 907 2994 ·
926 2979 934 2998 ·
955 2938 1103 3009 Andrea
1120 2938 1229 3031 Mayr
1245 2949 1283 3008 et
1301 2937 1478 3010 Duneano
1497 2938 1691 3010 Straloeh·

352 3254 650 3353 lustramentum
676 3271 923 3371 resignationis
941 3272 1099 3346 eiusdem
1118 3299 1183 3369 per
1200 3275 1390 3347 Elisabeth
1408 3276 1574 3369 Cowlper
1589 3274 1693 3370 spon-

351 3390 425 3464 sam
453 3391 598 3482 Patricij
617 3389 783 3483 Cowlpar
808 3398 918 3480 atque
943 3383 1056 3459 sasrne
1082 3389 1119 3458 in
1145 3389 1306 3459 fauorem
1333 3389 1418 3458 diui
1443 3387 1620 3458 lobannis
1646 3390 1692 3459 de

351 3504 471 3576 Jauua
492 3544 500 3559 ·
523 3502 632 3595 Apud
663 3500 799 3574 dietum
828 3502 980 3595 burgum
1008 3502 1134 3571 eodem
1163 3501 1253 3572 die·
1280 3538 1289 3554 ·
1317 3544 1324 3560 ·
1352 3498 1582 3570 Presentibus
1609 3541 1618 3556 ·
1645 3541 1655 3556 ·
1684 3544 1691 3559 ·

352 3616 489 3687 Thorna
515 3616 560 3685 de
585 3613 737 3685 Camers
767 3612 902 3683 balliuo
921 3653 929 3668 ·
948 3611 1115 3683 Johanne
1142 3610 1310 3708 Hugonis
1337 3653 1344 3668 ·
1367 3612 1517 3683 Andrea
1542 3611 1693 3705 Murray

352 3726 559 3822 burgense·
587 3727 731 3796 domino
757 3724 905 3795 Andrea
922 3724 1065 3817 Vrycht
1091 3724 1277 3818 capellano
1304 3767 1311 3782 ·
1337 3721 1505 3820 magistro
1529 3723 1691 3795 Roberto

353 3838 476 3932 Skyen
495 3880 503 3895 ·
523 3847 561 3908 et
580 3837 757 3908 Duncano
775 3836 941 3908 Straloch
959 3834 1120 3907 feriando
1139 3877 1146 3893 ·

355 4173 466 4245 Carta
482 4171 658 4243 Johannis
677 4173 721 4242 de
738 4171 858 4244 Janua
875 4173 920 4242 de
938 4173 1065 4242 eodem
1084 4214 1091 4227 ·

351 4373 384 4471 J
391 4396 549 4466 ohannes
572 4396 617 4465 de
634 4395 754 4466 Janua
779 4395 985 4488 capellanus
1011 4404 1206 4489 perpetuus
1232 4396 1431 4490 capellanie
1457 4399 1503 4469 de
1521 4395 1695 4473 Vesthale

354 4513 392 4583 in
418 4502 566 4580 ecclesia
590 4506 786 4577 cathedrali
804 4504 1056 4578 Aberdonenfi
1081 4508 1231 4580 fundate
1249 4549 1257 4564 ·
1277 4549 1284 4565 ·
1304 4548 1312 4564 ·
1332 4508 1520 4582 Noueritis
1545 4534 1605 4583 me
1630 4537 1695 4607 pro
