4088 5430
493 645 563 714 416
1022 639 1325 774 anaisTRUM
1675 637 1838 734 [sacunr

496 929 621 1028 Carta
638 951 862 1026 assedatiouis
887 954 1105 1026 hereditarie
1121 960 1298 1023 terrarum
1324 952 1369 1021 de
1387 946 1576 1023 Glaffauoh
1594 972 1677 1021 cum
1696 949 1841 1021 molen-

495 1067 579 1136 dino
603 1065 762 1137 eiusdem
790 1066 898 1161 vulgo
923 1074 1131 1157 nuncupato
1156 1086 1201 1156 ye
1226 1061 1409 1156 Cragmyll
1434 1064 1472 1132 in
1499 1062 1656 1131 dominio
1674 1062 1720 1132 de
1746 1060 1841 1131 For-

495 1179 575 1248 dice
592 1178 637 1249 ab
663 1176 826 1271 episeopo
852 1179 945 1249 sadra
961 1200 1044 1248 cum
1071 1173 1241 1247 consensu
1268 1176 1392 1246 decani
1410 1185 1448 1245 et
1474 1173 1622 1266 capituli
1640 1196 1840 1270 congrega-

496 1300 615 1359 torum
633 1313 697 1382 per
713 1291 870 1361 ediitnm
889 1290 1073 1383 publicum
1096 1290 1132 1357 in
1151 1286 1265 1359 valuis
1291 1287 1419 1358 domus
1436 1283 1641 1378 capitularis
1659 1294 1699 1355 rt
1724 1289 1839 1356 moris

496 1397 548 1471 est
566 1401 713 1471 affixum
736 1399 933 1472 secundum
950 1403 1029 1472 atta
1054 1409 1092 1471 et
1109 1395 1245 1470 statuta
1269 1398 1418 1491 capituli
1435 1393 1604 1490 magistro
1621 1395 1838 1468 Alexandro

497 1509 632 1604 Ogiluy
648 1523 686 1583 et
711 1511 737 1582 J
739 1522 848 1582 onete
861 1511 957 1583 Bard
974 1515 1051 1583 eius
1068 1508 1193 1604 sponse
1209 1521 1248 1581 et
1265 1533 1389 1580 eorum
1415 1509 1520 1580 alteri
1538 1507 1674 1579 diutius
1691 1510 1837 1580 uiuenti

498 1624 667 1712 quamdiu
694 1625 787 1694 ditta
811 1622 947 1695 Joneta
971 1625 1009 1694 in
1037 1621 1101 1695 sua
1125 1646 1214 1715 pura
1243 1623 1419 1693 viduitate
1445 1617 1678 1713 permanserit
1701 1658 1709 1676 ·
1736 1621 1838 1694 Red-

497 1733 614 1805 dendo
632 1758 763 1806 nouem
782 1736 890 1807 librae
908 1745 946 1806 et
960 1759 1067 1807 vnam
1081 1734 1261 1806 cheldram
1279 1735 1451 1803 frumenti
1469 1733 1572 1801 iuxta
1588 1739 1753 1803 tenorem
1772 1757 1838 1803 an-

497 1846 589 1936 tiqui
607 1847 756 1919 rcntalis
775 1858 812 1918 et
830 1852 867 1918 in
884 1848 1179 1942 augmentatione
1196 1842 1353 1917 eiusdem
1371 1843 1519 1914 rentalis
1536 1839 1711 1914 summam
1730 1846 1837 1934 qain-

497 1979 567 2046 que
597 1980 797 2030 marcarum
825 2001 833 2016 ·
861 1959 971 2052 Apud
998 1955 1183 2029 ecclesiam
1209 1957 1452 2030 cathedralem
1478 1955 1564 2076 xnvj
1591 1953 1729 2047 Aprilis
1760 1978 1835 2028 an.

498 2087 724 2140 unarum.

496 2376 625 2478 Carta
641 2407 776 2478 domini
790 2410 932 2479 comitis
945 2404 1132 2478 mariscalli
1146 2407 1238 2478 faita
1248 2401 1415 2500 magistro
1427 2402 1635 2475 Alexandro
1654 2402 1837 2500 Gallouay

496 2518 623 2589 redimi
641 2542 663 2588 a
679 2518 834 2590 Kinkell
853 2520 897 2589 de
913 2529 952 2589 et
978 2515 1082 2612 super
1099 2514 1319 2589 concessione
1338 2519 1441 2588 vuius
1459 2517 1572 2586 croste
1598 2515 1701 2586 iuxta
1718 2518 1838 2590 eccle-

495 2626 582 2700 siam
610 2631 654 2700 de
683 2630 798 2702 Skein
826 2655 889 2725 pro
918 2627 1102 2702 mansione
1128 2628 1365 2702 construenda
1390 2629 1521 2699 vicario
1540 2625 1633 2696 diue
1659 2627 1834 2702 ecclesie·

498 2741 726 2813 Celebrando
744 2738 879 2814 millam
892 2743 1185 2814 hebdomadatim
1200 2745 1298 2812 omui
1315 2739 1470 2813 secunda
1486 2742 1575 2812 seria
1592 2789 1600 2804 .
1624 2741 1721 2810 Data
1738 2746 1836 2834 apud

497 2849 650 2923 castrum
670 2854 714 2925 de
732 2853 879 2946 Kyntor
894 2855 943 2947 xij
963 2851 1174 2926 Decembris
1192 2874 1265 2924 an.
1283 2873 1508 2924 mnxxxrx.

498 3167 727 3285 preceptum
746 3189 855 3263 sasrne
874 3189 1030 3262 eiusdem
1050 3200 1147 3262 carte
1165 3192 1295 3261 sadum
1315 3192 1409 3261 didio
1435 3190 1601 3288 magistro
1619 3190 1837 3264 Alexandro

495 3307 622 3375 eodem
640 3305 698 3374 die
715 3341 723 3359 ·

495 3613 637 3715 Letter
655 3641 747 3710 from
773 3646 817 3731 pe
834 3640 937 3735 King
961 3642 1111 3733 praying
1127 3640 1182 3710 his
1208 3638 1286 3710 trist
1312 3640 1498 3713 consalour
1521 3651 1565 3732 be
1588 3637 1733 3736 bischop
1759 3647 1833 3716 and

497 3753 719 3826 weilbelouit
745 3753 876 3824 clarkis
894 3753 935 3822 os
956 3752 1150 3822 Aberdcne
1168 3763 1206 3822 to
1228 3750 1376 3823 consent
1401 3763 1439 3824 to
1465 3759 1508 3843 be
1526 3754 1733 3824 insestment
1759 3759 1833 3827 and

496 3866 776 3937 mortificationn
796 3866 841 3936 be
859 3860 989 3937 master
1007 3862 1161 3934 Duncan
1188 3862 1344 3934 Burnett
1368 3865 1520 3958 persoun
1547 3867 1588 3935 of
1607 3863 1770 3937 Methlik
1795 3870 1839 3939 os

496 3980 593 4050 thwa
606 3979 740 4047 ruerkis
757 3978 886 4069 3erelie
904 3977 945 4048 of
957 3982 1000 4068 be
1017 3974 1139 4048 manse
1156 3976 1285 4067 pairoff
1296 3977 1351 4046 for
1372 4001 1441 4050 ane
1458 3960 1608 4071 suffrage
1624 3978 1835 4051 anniuerser

496 4101 535 4159 to
554 4093 599 4160 be
614 4090 707 4159 done
721 4090 776 4159 for
792 4100 836 4179 pe
847 4089 948 4183 King
966 4088 1036 4159 and
1054 4089 1109 4158 sor
1125 4094 1169 4179 pe
1186 4085 1259 4160 said
1276 4086 1408 4161 master
1424 4089 1577 4161 Duncan
1594 4128 1604 4145 ·
1627 4087 1835 4165 Subscriuit

497 4214 535 4272 at
563 4199 764 4295 Striueling
780 4211 824 4292 pe
841 4203 932 4294 xxiij
951 4202 1019 4293 day
1037 4201 1077 4271 of
1090 4200 1293 4272 December
1309 4202 1379 4272 and
1404 4203 1445 4272 of
1456 4202 1512 4272 bie
1529 4206 1699 4296 regnabo
1716 4208 1833 4298 xxviij

494 4337 565 4404 3err
583 4353 591 4370 ·
