4088 5430
346 627 391 697 74
864 613 1169 688 REGISTRUM
1533 613 1683 708 [sucum

346 840 428 888 cum
446 812 567 910 sigillis
593 816 922 907 prenominatorum
943 815 1140 885 iuratorum
1159 809 1210 884 est
1228 812 1422 907 appensum
1442 853 1451 869 ·
1472 810 1609 883 Datum
1628 813 1687 882 die

347 940 384 999 et
401 928 479 999 loco
498 941 535 998 et
553 951 648 999 anno
665 929 865 1021 prenotatis
884 965 892 978 ·

350 1263 554 1335 Deelaratio
591 1262 811 1356 prelatorum
845 1285 909 1354 pro
943 1259 1107 1354 episcopo
1141 1257 1391 1332 Aberdonensr
1426 1284 1489 1353 pro
1524 1260 1687 1333 secundis

349 1376 523 1446 decimis·

351 1577 503 1671 Notum
531 1594 575 1668 srt
599 1594 769 1668 vniuersrs
795 1598 890 1689 quod
916 1591 1151 1667 nobilissimus
1181 1599 1347 1690 princeps
1377 1600 1544 1669 dominus
1569 1598 1689 1669 Dauid

350 1711 420 1784 Dei
445 1712 561 1805 gratia
584 1733 650 1780 rex
674 1709 882 1781 Scottorum
900 1711 938 1779 in
956 1707 1193 1800 parliamento
1211 1708 1272 1778 suo
1290 1718 1393 1779 tento
1416 1712 1511 1803 apud
1534 1710 1688 1782 Sconam

349 1826 475 1896 ostano
510 1823 568 1892 die
602 1818 732 1893 mensis
766 1820 866 1912 Junij
902 1844 996 1891 anno
1032 1818 1179 1890 Domini
1215 1817 1403 1892 millesimo
1437 1818 1689 1894 trecentesimo

349 1930 615 2029 quadragesimo
633 1943 761 2026 quarto
779 1928 897 2027 posuit
915 1934 952 2002 in
971 1932 1213 2004 declaratione
1230 1933 1450 2026 prelatorum
1464 1932 1490 2004 fi
1505 1932 1689 2028 episcopus

350 2043 616 2119 Aberdonensrs
633 2047 765 2118 debeat
782 2045 914 2118 babere
930 2042 1103 2116 secundas
1121 2046 1278 2117 decimas
1297 2047 1342 2117 de
1360 2048 1526 2118 omnibus
1544 2047 1691 2117 redditi·

349 2161 416 2231 bus
433 2168 471 2230 et
488 2155 636 2229 escaetis
663 2154 776 2250 ipsum
796 2157 981 2227 dominum
999 2180 1122 2250 regem
1140 2159 1375 2252 tangentibus
1393 2160 1486 2230 infra
1503 2159 1690 2230 vicecomi-

349 2284 448 2344 tatus
466 2272 510 2341 de
528 2269 701 2340 Aberden
720 2278 757 2339 et
775 2270 821 2339 de
838 2267 950 2340 Banff
970 2291 1057 2360 quas
1081 2270 1227 2361 quidem
1245 2271 1402 2342 deeimas
1420 2268 1493 2364 ipse
1510 2279 1548 2341 et
1565 2272 1690 2363 prede·

349 2381 497 2456 cessores
523 2406 544 2452 a
570 2390 732 2474 tempore
751 2382 853 2452 euius
877 2381 1049 2450 memoria
1072 2381 1259 2451 hominum
1283 2405 1355 2451 non
1380 2379 1501 2453 existit
1519 2384 1689 2454 continue

350 2501 586 2588 perceperunt
605 2531 612 2547 ·
631 2493 692 2585 qui
717 2491 845 2585 prelati
862 2491 986 2563 habita
1003 2492 1261 2564 deliberatione
1279 2491 1427 2586 visisque
1444 2492 1691 2565 instrumentis

349 2608 456 2700 regiis
495 2600 783 2697 inquisitionibus
821 2602 983 2696 pluribus
1017 2615 1055 2676 et
1090 2603 1189 2675 bulla
1228 2604 1346 2698 papali
1381 2604 1533 2677 Adriani
1573 2607 1690 2699 quarti

351 2717 623 2789 deelarauerunt
641 2714 779 2787 dietum
803 2716 988 2786 dominum
1014 2714 1219 2808 episcopum
1245 2714 1422 2808 predidtas
1447 2717 1603 2789 decimas
1626 2740 1690 2810 pro

350 2827 387 2901 se
411 2838 450 2900 et
478 2825 549 2898 suis
576 2824 829 2899 successoribus
860 2828 991 2898 debere
1021 2829 1206 2920 percipere
1234 2836 1272 2898 et
1298 2826 1403 2920 super
1432 2824 1514 2922 ipsis
1540 2830 1690 2900 ulterius

352 2941 556 3012 nullatenus
584 2941 715 3011 debere
746 2941 937 3031 inquietari
966 2979 975 2997 ·
1000 2938 1045 3010 In
1073 2963 1224 3032 quorum
1252 2942 1413 3010 omnium
1444 2939 1688 3012 testimonium

351 3050 505 3144 presenti
536 3052 767 3123 declarationi
797 3047 911 3146 figilla
940 3049 1059 3124 nostra
1084 3047 1435 3146 apposuimus’anno
1463 3054 1521 3125 die
1547 3062 1584 3124 et
1612 3053 1690 3124 loco

352 3160 615 3261 supradietis·-

353 3501 461 3572 Carta
486 3504 578 3596 regis
597 3500 716 3571 Dauid
743 3502 838 3593 quod
865 3496 1012 3572 ecclesia
1037 3501 1082 3573 de
1107 3501 1240 3595 Fordys
1266 3525 1338 3573 non
1365 3502 1417 3574 est
1443 3503 1691 3577 commensalis

354 3611 501 3685 ecclesia
513 3612 666 3706 episcopi
682 3610 739 3683 sed
755 3615 913 3704 pertinet
927 3613 972 3684 ad
986 3617 1226 3686 eommuniam
1239 3615 1389 3709 capituli
1403 3615 1688 3689 Aberdonensrs·

247 3828 251 3836 ’
355 3814 490 3910 Dauid
509 3837 578 3908 Dei
603 3839 718 3932 gratia
744 3861 807 3908 rex
833 3836 1041 3908 Scottorum
1063 3840 1229 3910 omnibus
1254 3840 1374 3933 probis
1399 3840 1602 3912 hominibus
1619 3837 1690 3913 suis

271 3955 274 3963 '
353 3946 548 4041 ceterisque
574 3944 705 4020 Christi
733 3948 899 4020 fidelibus
924 3950 969 4019 ad
996 3973 1084 4042 quos
1113 3948 1296 4042 presentes
1326 3951 1430 4023 litere
1459 3956 1690 4045 peruenerint

352 4061 502 4134 salutem
523 4101 530 4116 ·
551 4060 655 4132 Licet
680 4061 767 4133 alias
786 4070 937 4133 vacante
955 4057 1037 4133 sede
1056 4059 1303 4143 Aberdonensr
1330 4085 1394 4157 per
1416 4074 1570 4135 mortem
1596 4065 1690 4137 boue
1785 4128 1788 4132 .

353 4175 523 4244 memorie
547 4173 681 4244 domini
700 4172 899 4245 Alexandri
917 4172 1035 4244 vltimi
1053 4171 1320 4246 Aberdonensrs
1346 4170 1500 4268 episcopi
1524 4162 1690 4248 concessi-

352 4308 432 4355 mus
450 4283 639 4355 Willelmo
655 4283 851 4378 Wysemen
869 4284 977 4356 militi
996 4284 1258 4380 consanguineo
1275 4282 1394 4358 nostro
1411 4310 1536 4359 omnes
1553 4288 1689 4359 fruitus

352 4399 507 4468 decimas
524 4408 563 4467 et
581 4398 816 4467 obuentiones
842 4393 991 4470 ecclesie
1009 4398 1054 4468 de
1073 4397 1207 4491 Fordys
1233 4409 1405 4490 tanquam
1429 4396 1576 4472 ecolesre
1594 4423 1690 4472 eom·

352 4506 516 4580 mensalis
534 4505 642 4603 ipsius
658 4509 838 4602 quondam
856 4505 1008 4602 episcopi
1022 4547 1030 4565 ·
1044 4533 1108 4602 per
1124 4512 1314 4583 canonicos
1332 4521 1452 4587 tamen
1471 4507 1579 4606 ipslus
1595 4514 1689 4607 oepi-
