4088 5430
347 614 417 680 230
862 600 1166 675 REGISTRUM
1533 604 1690 698 [sucum

347 807 457 879 tendo
485 807 522 874 in
548 801 701 897 piscibus
729 800 963 874 decimalibus
989 825 1080 894 aque
1104 802 1149 872 de
1172 800 1252 873 Dee
1278 803 1424 873 nomine
1450 812 1489 873 et
1514 813 1690 896 exparte

347 917 468 1010 vicarij
492 917 537 986 de
556 914 633 1010 Nig
658 911 841 986 asserentis
867 915 979 985 dittos
1005 910 1118 1007 pisces
1144 914 1337 985 decimales
1362 916 1407 985 ad
1433 915 1564 987 dittam
1591 912 1691 986 suam

347 1031 517 1101 vicariam
534 1029 579 1099 de
596 1029 673 1099 iure
690 1029 871 1119 pertinere
889 1027 934 1098 ob
952 1027 1047 1119 quod
1065 1026 1225 1119 prefatus
1243 1027 1462 1098 reuerendus
1483 1037 1586 1120 pater
1610 1067 1619 1083 ·
1644 1067 1652 1081 ·
1681 1068 1690 1084 ·

348 1139 463 1235 ipsum
482 1141 667 1210 dominum
685 1138 882 1232 Hugonem
901 1139 937 1208 in
955 1135 1077 1209 finodo
1095 1134 1156 1210 sua
1172 1138 1316 1232 publice
1334 1141 1690 1213 excommunicatum

349 1252 582 1324 denunciauit
604 1275 626 1322 a
648 1274 718 1343 qua
739 1274 822 1322 vero
848 1247 1028 1322 sententia
1053 1252 1435 1322 excommunicationis
1461 1252 1568 1345 petijt
1592 1253 1690 1324 idem

349 1365 514 1435 dominus
540 1362 651 1457 Hugo
679 1386 762 1433 cum
788 1360 957 1435 instantia
982 1362 1118 1435 absolui
1144 1361 1181 1433 se
1207 1359 1416 1456 simpliciter
1440 1372 1480 1434 et
1504 1363 1692 1434 humiliter

350 1475 595 1547 submittendo
613 1476 657 1545 de
675 1470 799 1547 stando
817 1476 996 1546 mandatis
1013 1471 1162 1546 ecclesie
1179 1483 1218 1545 et
1235 1471 1344 1568 ipfius
1364 1477 1554 1547 reuerendi
1579 1477 1693 1569 patris

352 1628 360 1644 ·
388 1629 395 1643 ·
426 1626 434 1639 ·
460 1584 565 1680 super
591 1586 721 1679 quibus
751 1588 884 1657 ibidem
913 1586 1095 1681 corporale
1125 1583 1282 1680 prestitit
1312 1591 1585 1660 iuramentum·
1608 1588 1692 1672 Quo

352 1703 554 1771 iuramento
572 1694 620 1770 fic
638 1696 786 1792 prestito
803 1700 964 1792 prefatus
980 1700 1200 1770 reuerendus
1217 1709 1319 1792 pater
1336 1701 1491 1771 eundem
1505 1701 1690 1771 dominum

351 1810 547 1906 Hugonem
571 1812 616 1882 ad
642 1814 819 1906 gremium
845 1808 963 1883 santte
990 1814 1115 1883 matris
1141 1807 1289 1882 ecclesie
1316 1809 1469 1906 gratiose
1494 1815 1630 1906 recepit
1653 1822 1691 1883 et

351 1923 566 1995 beneficium
586 1923 820 1994 absolutionis
845 1920 909 1994 fibi
935 1948 999 2017 per
1022 1925 1208 1994 dominum
1225 1924 1400 1995 Thomam
1418 1926 1463 1996 de
1480 1925 1693 2019 Tynynbam

351 2035 639 2107 archidiaconum
658 2032 760 2107 suum
777 2037 954 2129 impartiri
972 2037 1158 2106 mandauit
1176 2036 1293 2106 eidem
1306 2032 1371 2105 sub
1385 2038 1538 2107 veritate
1554 2032 1694 2130 prestiti

351 2148 542 2218 iuramenti
573 2148 794 2242 iniungendo
813 2148 907 2238 quod
930 2149 968 2218 in
990 2144 1143 2218 crastino
1166 2148 1211 2219 ad
1235 2146 1449 2240 presentiam
1468 2146 1567 2221 suam
1592 2173 1693 2220 acce-

352 2261 454 2330 deret
477 2282 541 2352 pro
566 2260 777 2352 penitentiis
799 2257 1011 2330 salutaribus
1028 2255 1094 2330 fibi
1116 2283 1180 2352 pro
1204 2262 1311 2330 modo
1334 2260 1440 2354 culpe
1464 2263 1693 2356 iniungendis

353 2412 360 2427 ·
380 2409 388 2425 ·
406 2409 414 2425 ·
431 2368 536 2463 super
553 2371 683 2462 quibus
701 2370 866 2441 omnibus
880 2380 919 2455 et
931 2366 1078 2465 fingulis
1096 2373 1256 2465 prefatus
1273 2374 1493 2444 reuerendus
1510 2384 1639 2467 pater·
1657 2412 1665 2428 ·
1683 2415 1690 2429 ·

352 2484 459 2576 petijt
484 2482 668 2575 publicum
694 2477 973 2552 instrumentum
991 2523 999 2539 ·
1018 2481 1115 2555 Acta
1140 2494 1243 2556 erant
1267 2486 1335 2556 hec
1359 2487 1396 2555 in
1423 2482 1571 2558 ecclefia
1595 2486 1694 2558 beati

353 2594 531 2687 Machorij
550 2636 558 2650 ·
578 2635 585 2651 ·
605 2631 613 2649 ·
632 2592 862 2665 Presentibus
888 2594 1001 2666 nobili
1019 2595 1164 2665 domino
1182 2597 1326 2668 domino
1346 2595 1512 2692 Waltero
1537 2596 1695 2671 Stewart

353 2708 489 2778 decano
520 2701 743 2777 Morauienfi
769 2707 1004 2798 prebendario
1032 2707 1077 2777 de
1102 2706 1307 2802 Balheluy·
1330 2707 1508 2804 magistris
1527 2709 1694 2783 Waltero

353 2818 509 2890 Stewart
526 2817 761 2910 prebendario
780 2818 824 2888 de
839 2816 1058 2912 Kyncardyn
1073 2858 1081 2874 ·
1095 2818 1119 2889 J
1121 2820 1263 2891 ohanne
1281 2822 1378 2914 Gray
1395 2823 1630 2914 prebendario
1649 2824 1694 2894 de

354 2929 565 3000 Murthlach
584 2970 592 2985 ·
611 2929 750 3000 Thoma
766 2928 849 3000 Bell
866 2931 1103 3022 prebendario
1121 2932 1166 3001 de
1183 2930 1381 3026 Tulynestil
1400 2974 1408 2989 ·
1427 2943 1464 3004 et
1483 2933 1695 3006 Alexandro

354 3040 494 3112 Melsen
513 3042 644 3111 vicario
662 3042 708 3111 de
725 3041 840 3112 Coule
859 3080 865 3095 ·
884 3065 966 3112 cum
984 3042 1109 3113 multis
1127 3042 1205 3135 alijs
1224 3085 1230 3100 ·

354 3371 538 3447 Arenata
555 3378 600 3447 ue
618 3375 792 3468 Clyntre·
870 3340 877 3353 ’

356 3577 556 3673 Henricus
584 3641 591 3654 ·
619 3641 626 3655 ·
656 3596 871 3692 ·episcopus
898 3598 1164 3673 Aberdonenfis
1191 3644 1198 3658 ·
1227 3643 1234 3658 ·
1263 3642 1270 3658 ·
1299 3602 1456 3675 Noucrit
1483 3602 1695 3680 vniuerfitas

356 3735 525 3782 ···n0s
549 3749 557 3766 ·
584 3753 590 3768 ·
620 3713 696 3784 -ad
720 3711 860 3782 firmam
883 3708 1056 3785 demifisse
1082 3753 1090 3770 ·
1117 3754 1124 3770 ·
1153 3754 1161 3771 ·
1189 3714 1357 3788 Gilberto
1383 3719 1430 3788 de
1451 3714 1625 3790 Ionstoun
1649 3722 1695 3792 de

355 3823 601 3895 Ballendauch
632 3833 746 3895 totam
777 3823 900 3895 villam
935 3821 1090 3896 nostram
1121 3827 1166 3897 de
1195 3826 1370 3921 Bischape
1404 3828 1576 3923 Clyntree
1610 3856 1696 3904 cum

355 3936 583 4029 pertinentijs
608 3959 671 4028 pro
689 3944 768 4006 toto
786 3945 949 4029 tempore
966 3938 1041 4008 vite
1058 3936 1119 4009 sue
1137 3935 1307 4010 soluendo
1334 3981 1342 3996 ·
1370 3982 1378 3996 ·
1405 3979 1413 3996 ·
1439 3942 1484 4012 ad
1502 3943 1591 4013 duos
1608 3949 1696 4017 anni

355 4048 528 4118 terminos
546 4044 684 4118 usuales
709 4085 716 4100 ·
744 4088 751 4103 ·
781 4087 788 4103 ·
817 4045 1004 4119 tresdecim
1031 4047 1160 4122 solidos
1182 4061 1220 4122 et
1246 4061 1399 4143 quatuor
1425 4054 1587 4126 denarios
1612 4094 1621 4109 ·
1649 4098 1657 4113 ·
1685 4100 1693 4114 ·

355 4157 531 4230 ffaciendo
549 4159 658 4230 etiam
683 4199 690 4214 ·
715 4198 722 4212 ·
744 4197 753 4213 ·
774 4169 847 4230 tres
864 4156 975 4231 settas
994 4162 1031 4232 in
1049 4184 1143 4233 anno
1160 4165 1206 4234 ad
1224 4173 1297 4235 tres
1315 4166 1430 4236 curias
1447 4162 1582 4238 nostras
1598 4172 1697 4264 capi-

356 4269 448 4342 tales
472 4268 583 4340 schire
607 4267 726 4341 nostre
750 4272 795 4342 de
815 4270 988 4344 Aberdon
1016 4316 1024 4331 ·
1050 4313 1059 4329 ·
1084 4314 1092 4329 ·
1119 4275 1230 4369 Apud
1254 4279 1442 4349 canoniam
1470 4276 1627 4351 nostram
1650 4282 1697 4353 de

356 4381 531 4455 Aberdon
559 4382 697 4451 decimo
728 4383 786 4453 die
812 4379 942 4455 menfis
966 4386 1185 4459 Nouembris
1211 4411 1305 4459 anno
1332 4387 1479 4460 Domini
1506 4388 1696 4464 millesimo

356 4486 707 4587 quadringentesimo
725 4491 902 4565 tricefimo
921 4536 928 4551 ·
