4088 5430
414 608 460 679 68
884 658 890 669 .
929 594 1234 671 REGISTRUM
1600 599 1754 694 [ascum

411 816 545 877 terram
562 810 651 873 111110
668 797 816 871 Andree
833 794 995 893 Wyehly
1011 792 1130 867 versus
1153 797 1380 868 occidentem
1396 804 1436 868 et
1453 806 1586 869 terram
1610 798 1753 870 heredis

413 914 593 1009 quondam
617 911 795 984 Johaunis
824 910 870 982 de
895 904 1003 1004 Rossy
1028 906 1150 980 versus
1178 909 1355 981 orientem
1381 949 1391 966 ·
1417 919 1456 981 et
1481 905 1508 979 fi
1533 909 1638 981 heres
1666 911 1753 981 diui

413 1026 567 1099 Arthuri
593 1024 724 1097 didam
749 1031 884 1094 terram
908 1045 973 1115 pro
990 1019 1087 1093 (11800
1107 1020 1213 1092 feodo
1236 1030 1361 1092 tenere
1385 1022 1543 1093 noluerit
1559 1022 1641 1094 1010
1657 1024 1753 1115 qued

414 1139 510 1210 diua
537 1147 634 1209 terra
660 1157 746 1207 cum
772 1133 1005 1227 pertinenciis
1034 1134 1290 1226 inperpetuum
1316 1143 1501 1205 remaneat
1524 1132 1629 1206 altari
1654 1135 1753 1207 beati

414 1248 542 1323 Jacobi
559 1246 748 1343 supradicti
764 1283 774 1302 ·
792 1243 1032 1317 Reddendum
1057 1244 1142 1315 inde
1167 1240 1353 1316 seruitium
1376 1243 1589 1318 forinsecum
1617 1247 1753 1319 domini

416 1362 527 1457 Regis
544 1370 687 1432 tantum
706 1398 714 1415 ·
733 1366 772 1429 et
789 1357 918 1452 viginti
935 1353 1065 1427 solidos
1081 1351 1331 1451 sterlingorum
1349 1357 1395 1429 de
1412 1367 1508 1430 terra
1524 1381 1632 1450 quam
1651 1357 1756 1431 Dun-

416 1495 526 1547 canus
543 1472 588 1544 de
606 1468 724 1565 Stoyll
741 1471 786 1541 de
802 1492 862 1540 me
878 1476 982 1540 tenet
998 1469 1044 1541 ad
1061 1468 1167 1540 feodo
1183 1468 1324 1541 firmam
1349 1469 1491 1542 iacente
1507 1472 1545 1542 in
1562 1471 1657 1542 dieto
1674 1474 1755 1546 vieo

416 1583 519 1659 castri
545 1588 640 1656 inter
660 1592 791 1655 terram
809 1579 946 1653 Thema
963 1581 1008 1652 de
1025 1579 1160 1676 Straug
1176 1577 1296 1652 versus
1322 1582 1547 1655 occidentem
1564 1593 1604 1655 et
1620 1570 1752 1656 terram

417 1698 566 1771 Roberti
585 1696 631 1767 de
648 1695 803 1789 Salchop
820 1690 941 1766 versus
967 1694 1144 1765 orientem
1162 1732 1171 1751 ·
1189 1702 1228 1764 et
1244 1691 1307 1765 sex
1329 1694 1455 1766 decem
1472 1692 1602 1767 solidos
1619 1705 1657 1768 et
1674 1700 1753 1767 otto

417 1811 580 1883 denarios
597 1805 846 1902 sterlingorum
869 1806 915 1877 de
940 1816 1036 1877 terra
1052 1828 1160 1899 quam
1177 1805 1294 1876 Rodu’
1311 1806 1357 1878 de
1374 1829 1433 1878 me
1450 1816 1554 1879 tenet
1571 1808 1616 1879 ad
1633 1809 1756 1881 feodo-

291 1904 298 1929 '
417 1926 556 1995 tinnam
582 1924 724 1993 iacente
742 1921 778 1989 in
798 1919 876 1990 1100
893 1916 999 1991 castri
1016 1941 1061 1991 ex
1080 1912 1241 2013 opposito
1267 1919 1363 1989 inter
1386 1926 1520 1990 terram
1537 1918 1688 1992 Roberti
1710 1921 1756 1993 de

418 2034 628 2130 Edynhame
658 2028 779 2102 versus
813 2025 973 2102 austrum
1003 2039 1042 2101 et
1072 2038 1204 2101 terram
1232 2027 1389 2101 Walteri
1424 2030 1469 2102 de
1499 2029 1606 2103 Etale
1636 2030 1756 2104 versus

416 2149 550 2220 beriam
572 2154 634 2216 ·et
652 2165 759 2215 1111111
784 2143 997 2236 perticatam
1024 2154 1119 2213 terre
1144 2143 1323 2213 iacentem
1347 2143 1385 2213 in
1403 2143 1482 2214 1100
1508 2143 1553 2214 de
1579 2141 1668 2238 ffoty
1685 2168 1756 2238 que

416 2260 595 2354 quondam
613 2256 808 2329 vocabatur
833 2254 945 2326 rubea
968 2247 1116 2347 pistrina
1140 2251 1395 2346 cuiuscumque
1412 2253 1542 2326 valoris
1565 2252 1634 2327 0110
1654 2266 1756 2350 pote·

417 2375 489 2443 rit·
506 2369 694 2442 Tenendas
712 2376 750 2438 et
765 2366 948 2438 habendas
971 2365 1130 2459 010111ἃο
1147 2364 1253 2437 altari
1269 2364 1383 2437 libere
1400 2367 1522 2458 quiete
1539 2367 1699 2459 plenarie
1717 2383 1755 2443 et

418 2482 612 2555 honorilice
629 2479 723 2551 bone
736 2487 775 2550 et
792 2479 828 2550 in
847 2501 936 2571 pace
949 2473 1022 2547 fine
1035 2477 1154 2570 aliquo
1171 2478 1414 2550 retinemento
1427 2478 1485 2550 rel
1502 2478 1757 2555 reclamatione

418 2598 490 2668 mei
517 2592 690 2667 heredum
715 2612 877 2662 meorum
903 2598 942 2661 et
965 2584 1218 2683 affignatorum
1235 2626 1244 2645 ·
1260 2587 1359 2661 saluo
1382 2591 1450 2662 hoc
1474 2591 1570 2683 quod
1598 2616 1665 2688 ego
1691 2619 1755 2688 pro

419 2732 501 2780 meo
518 2709 771 2801 inperpetuum
790 2713 827 2774 et
844 2702 995 2773 heredes
1012 2703 1083 2772 mei
1100 2699 1171 2772 suis
1187 2703 1410 2795 temporibus
1426 2697 1497 2775 smt
1514 2706 1588 2776 1011
1615 2709 1755 2798 patroni

420 2818 578 2893 einlilem
608 2812 793 2889 elimosina
818 2815 863 2887 ad
888 2810 1166 2908 presentandum
1195 2813 1341 2885 domino
1371 2811 1567 2908 dyocesano
1593 2815 1757 2890 Aberdo-

419 2930 517 3010 nensr
549 2953 660 3002 vnum
694 2930 875 3023 ydoneum
909 2926 1134 3020 capellanum
1169 2926 1292 2997 diuina
1323 2925 1458 2998 ibidem
1490 2927 1755 3003 celebraturum

420 3043 729 3141 quotienscunque
752 3063 841 3134 opus
864 3040 974 3112 fuerit
991 3076 999 3096 ·
1015 3037 1069 3109 Et
1085 3060 1152 3133 ego
1177 3037 1357 3130 predittus
1382 3049 1421 3111 et
1445 3039 1595 3113 heredes
1621 3045 1693 3113 mei
1716 3053 1756 3115 et

419 3159 490 3230 mei
509 3152 671 3250 nsllguati
690 3154 802 3225 dietas
818 3150 880 3223 sex
898 3173 1035 3223 marcas
1052 3173 1188 3223 annuas
1205 3159 1245 3221 11
1265 3149 1465 3243 predittum
1482 3148 1535 3223 est
1552 3175 1616 3246 per
1632 3176 1756 3228 omnes

421 3282 532 3343 terras
556 3263 694 3341 nostrus
719 3264 882 3336 redditus
899 3273 937 3334 et
958 3257 1182 3356 possesiones
1198 3262 1515 3334 warandizabimus
1540 3267 1758 3358 acquietabi-

420 3404 501 3455 mus
521 3390 560 3453 et
582 3381 837 3474 inperpetuum
863 3376 1123 3447 defendemus·
1142 3372 1188 3446 In
1206 3364 1307 3445 ouius
1330 3376 1382 3446 rei
1408 3372 1654 3449 testimonium
1677 3403 1758 3473 pre-

421 3494 510 3567 senti
529 3500 629 3565 carte
647 3488 801 3585 sigillum
818 3510 940 3563 meum
953 3482 1007 3559 est
1019 3484 1214 3581 appensum
1227 3522 1236 3542 ·
1249 3487 1344 3558 etad
1362 3481 1566 3560 instantiam
1584 3503 1757 3564 meamet

422 3605 562 3680 heredia
579 3604 650 3675 11101
669 3598 825 3697 srgillum
837 3598 1050 3671 venerabilis
1066 3599 1177 3692 patris
1189 3599 1229 3669 in
1241 3593 1381 3669 Christe
1395 3596 1543 3671 Domini
1557 3599 1756 3676 Alexandri

425 3717 490 3791 llei
519 3718 634 3811 gratia
651 3712 803 3809 episcopi
822 3705 1089 3784 Aberdonensrs
1106 3749 1115 3767 ·
1134 3718 1172 3782 et
1188 3705 1344 3805 sigillum
1370 3732 1560 3783 commune
1578 3712 1623 3784 de
1641 3713 1759 3788 Aber-

423 3831 491 3904 (1011
510 3830 626 3923 gratio
642 3821 836 3916 testimonij
859 3818 1085 3917 presentibus
1102 3823 1233 3916 apponi
1249 3822 1436 3915 procuravi
1452 3859 1461 3878 ·
1479 3821 1614 3895 Attum
1631 3825 1755 3899 datum

423 3954 461 4015 at
474 3938 643 4037 lbripturn
661 3939 755 4033 apud
770 3935 941 4011 Aberden
959 3936 1017 4007 die
1031 3932 1180 4007 Sabbati
1197 3934 1235 4004 in
1248 3929 1338 4005 sesto
1350 3936 1633 4008 annuntiationis
1651 3936 1756 4012 beate

424 4054 542 4133 Murie
561 4052 722 4145 Virginis
739 4072 833 4123 anno
849 4049 965 4144 gratie
981 4042 1169 4120 millesimo
1186 4041 1437 4119 trecentesimo
1454 4043 1742 4143 quadragesimo·
