4088 5430
498 653 567 718 410
1009 637 1312 712 REGISTRUM
1675 642 1836 736 [secum

495 846 539 915 de
557 842 748 914 Murthlak
773 861 883 933 prope
900 862 1090 910 commune
1114 832 1308 933 passagium
1333 863 1405 932 quo
1430 841 1503 911 itur
1528 842 1573 912 de
1598 843 1750 912 canonia
1775 843 1825 912 ad

496 949 802 1048 Dunydronyshill
818 974 860 1022 ac
876 946 1052 1045 resignata
1068 973 1132 1043 per
1147 948 1354 1045 magistrum
1371 951 1621 1024 Alexandrum
1639 953 1832 1046 Galloway

495 1069 668 1138 restorem
681 1065 725 1137 de
740 1062 903 1158 Kynkell
913 1065 950 1133 in
960 1064 1127 1135 manibus
1137 1063 1290 1157 episcopi
1304 1104 1313 1121 ·
1326 1087 1467 1136 necnon
1483 1063 1586 1160 super
1600 1067 1833 1160 portiuncula

496 1190 591 1250 terre
608 1181 748 1250 iacente
761 1200 807 1247 ex
818 1185 920 1269 parte
931 1176 1147 1247 occidentali
1158 1175 1252 1246 dicte
1261 1172 1452 1248 mansionis
1465 1175 1685 1250 ascendendo
1699 1202 1721 1249 a
1734 1179 1833 1249 dica

496 1287 677 1363 mansione
693 1292 730 1360 in
748 1289 973 1383 longitudine
992 1290 1036 1360 ad
1054 1286 1248 1358 merediem
1265 1310 1329 1381 per
1345 1289 1382 1382 ly
1399 1287 1521 1382 Greyn
1539 1290 1636 1361 bank
1656 1287 1765 1382 vsque
1781 1291 1831 1361 ad

497 1403 676 1474 dccliuum
693 1403 827 1472 montis
841 1400 963 1471 viridis
976 1424 1087 1494 prope
1104 1400 1141 1493 ly
1151 1399 1258 1493 gyrht
1274 1400 1393 1472 corsce
1404 1424 1468 1494 per
1483 1398 1640 1494 spacium
1668 1414 1828 1496 quatuor

496 1515 665 1586 rudarnm
683 1517 720 1585 in
745 1513 941 1584 latitudine
960 1522 1037 1584 eta
1061 1514 1158 1584 dicto
1185 1512 1324 1585 decliuo
1342 1515 1475 1584 montis
1500 1522 1539 1584 et
1564 1525 1666 1607 parte
1692 1515 1831 1586 boreali

497 1629 589 1699 dicte
606 1629 719 1699 crucis
739 1649 803 1720 per
820 1648 1011 1697 commune
1037 1621 1232 1720 passagium
1250 1622 1495 1696 descendendo
1513 1623 1632 1696 versus
1649 1629 1830 1697 orientem

497 1734 677 1830 quousque
694 1739 924 1831 perueniatur
942 1738 987 1807 ad
1009 1747 1124 1808 metas
1141 1737 1234 1808 diue
1259 1731 1451 1808 mansionis
1468 1775 1476 1791 ·
1494 1735 1630 1808 Datum
1657 1739 1752 1831 apud
1774 1763 1834 1810 ca-

496 1852 639 1921 noniam
657 1845 950 1921 Aberdonensem
971 1849 1044 1939 xvij
1063 1847 1229 1919 Octobris
1247 1869 1318 1918 an.
1338 1870 1550 1920 mmxxxvr.

497 2161 791 2259 Instrumentum
808 2174 1024 2278 possessionis
1041 2185 1251 2254 vicariorum
1270 2185 1366 2255 chori
1393 2188 1527 2256 virtute
1544 2191 1704 2280 precepti
1729 2201 1833 2260 ante·

497 2297 580 2370 dicti
598 2299 642 2368 de
660 2296 867 2391 supradictis
885 2297 1014 2367 terris·
1035 2293 1068 2389 vj
1090 2294 1309 2367 Nouembris
1326 2319 1399 2367 an.
1418 2319 1628 2370 mnxxxvr.

498 2610 622 2708 Carta
638 2633 819 2704 Willelmi
845 2630 999 2726 episcopi
1025 2641 1063 2703 et
1088 2632 1236 2724 capituli
1263 2629 1422 2704 concessa
1447 2636 1585 2727 vicarijs
1611 2637 1707 2707 chori
1726 2636 1834 2732 super

496 2747 663 2842 predictis
692 2741 875 2817 mansione
901 2752 980 2814 orto
1006 2743 1172 2813 domibus
1195 2755 1233 2814 et
1259 2746 1372 2816 cauda
1399 2743 1589 2817 mansionis
1614 2750 1758 2819 rectoris
1785 2752 1832 2822 de

496 2857 686 2952 Kynkell·
713 2854 939 2927 Celebrando
957 2853 1237 2927 anniuersarium
1263 2881 1327 2950 pro
1345 2859 1463 2929 anima
1481 2858 1631 2931 Henrici
1650 2863 1694 2931 de
1713 2861 1834 2955 Lych-

495 2982 560 3040 ton
587 2970 766 3061 quondam
793 2965 948 3060 episcopi
966 2977 1075 3059 atque
1099 2962 1234 3037 missam
1260 2969 1505 3059 quotidianam
1532 2972 1576 3041 ad
1600 2972 1712 3043 altare
1731 2974 1829 3047 beati

496 3082 688 3154 Michaelis
705 3079 909 3173 archangeli
927 3080 1018 3150 infra
1045 3076 1230 3150 ecclesiam
1248 3080 1489 3152 cathedralem
1507 3083 1552 3153 ad
1578 3087 1731 3175 primum
1750 3088 1833 3179 pul-

495 3191 572 3266 sum
590 3194 733 3264 maioris
751 3186 849 3261 mille
866 3214 930 3283 pro
948 3193 1068 3262 anima
1089 3191 1220 3284 prefati
1239 3190 1419 3262 Willelmi
1437 3191 1588 3288 episcopi
1607 3206 1645 3265 et
1669 3195 1830 3292 magistri

495 3305 695 3377 Alexandri
713 3302 899 3394 Galloway
917 3303 1063 3371 tenoris
1088 3302 1134 3372 de
1152 3301 1314 3393 Kynkell
1340 3344 1348 3360 ·
1376 3304 1486 3398 Apud
1507 3310 1693 3380 canoniam
1712 3310 1832 3380 Aber-
1911 3310 1919 3330 ‘

496 3416 688 3488 <lonensem
707 3438 731 3485 x
750 3414 932 3504 Februarij
952 3434 1024 3482 mn.
1044 3434 1268 3485 mnxxxvn.

499 3725 802 3826 procuratorium
818 3746 998 3816 Willelmi
1012 3746 1130 3839 Cryne
1148 3749 1192 3819 ad
1210 3746 1436 3842 resignandas
1450 3761 1562 3824 terras
1580 3753 1658 3826 suas
1676 3757 1711 3825 in
1732 3756 1830 3851 Futy

496 3869 533 3936 in
552 3865 711 3935 fauorem
731 3854 889 3952 magistri
907 3856 1107 3929 Alexandri
1129 3859 1315 3952 Galloway
1332 3861 1477 3932 redorio
1494 3862 1538 3934 de
1558 3864 1717 3956 Kynkell
1737 3909 1744 3923 ·
1764 3875 1830 3964 xxj

496 3976 632 4069 Aprilis
650 3993 722 4043 an.
742 3988 978 4041 mnxxxvu.

498 4286 790 4386 instrumentum
817 4302 1030 4399 possessionis
1058 4305 1216 4402 magistri
1242 4307 1441 4381 Alexandri
1459 4312 1644 4408 Galloway
1662 4317 1705 4386 de
1724 4323 1832 4391 terris

387 4462 391 4467 ·
496 4426 566 4498 suis
583 4424 620 4491 in
642 4420 736 4511 Futy
755 4459 762 4476 ·
783 4441 807 4488 x
824 4417 848 4487 J
852 4418 914 4511 ulij
933 4441 1005 4490 nn.
1024 4439 1261 4492 mmxxxvn.
