4088 5430
428 609 497 680 126
908 540 919 560 =
944 594 1251 670 REGISTRUM
1618 601 1770 697 [secum

425 827 507 876 rum
524 799 775 894 sterlingorum
800 798 910 870 annui
935 796 1098 870 redditus
1123 792 1340 869 solutionem
1365 793 1441 870 fine
1458 798 1542 870 dolo
1559 799 1618 871 vel
1645 800 1771 874 fraude

427 914 584 987 fideliter
599 922 640 984 vt
655 912 882 1007 premittitur
897 912 1153 1004 inperpetuum
1169 909 1372 982 faciendam
1389 911 1488 981 omni
1504 912 1666 983 remedio
1683 915 1770 986 iuris

426 1026 589 1100 canonici
615 1024 674 1095 vel
704 1022 820 1095 ciuilis
846 1023 942 1115 quod
968 1044 1115 1117 vergere
1144 1018 1258 1114 posset
1286 1022 1325 1092 in
1351 1021 1555 1095 huiusmodi
1585 1024 1772 1098 literarum

428 1138 569 1210 suarum
587 1136 820 1207 violationem
842 1157 907 1228 pro
923 1132 961 1206 se
977 1132 1170 1206 heredibus
1194 1131 1266 1205 suis
1292 1143 1330 1206 et
1357 1132 1427 1206 suis
1452 1130 1634 1230 affignatis
1652 1147 1691 1209 et
1706 1161 1773 1230 pro

428 1245 699 1344 quibuscunque
716 1247 795 1319 aliis
812 1269 964 1338 quorum
986 1241 1153 1317 interesse
1170 1243 1284 1339 posset
1300 1247 1504 1318 infuturum
1528 1251 1772 1322 renunciando

427 1360 636 1456 simpliciter
652 1369 691 1431 et
708 1355 867 1452 expresse
883 1395 892 1414 ·
909 1381 983 1429 non
1000 1354 1224 1430 obstantibus
1240 1359 1541 1453 impignoratione
1557 1356 1773 1435 alsedatione

430 1474 624 1547 donatione
641 1471 762 1563 aliqua
785 1470 1030 1542 infeodatione
1046 1466 1109 1540 seu
1126 1469 1197 1541 alia
1213 1470 1456 1563 qualicunque
1474 1467 1692 1546 alsedatione
1708 1497 1773 1568 per

429 1584 466 1658 se
482 1586 634 1658 heredes
650 1580 732 1654 suos
757 1578 948 1677 assignatos
965 1592 1029 1653 aut
1045 1579 1135 1652 alios
1151 1581 1381 1674 quoscunque
1405 1585 1484 1654 iure
1500 1583 1558 1656 vel
1585 1584 1694 1657 titulo
1711 1584 1773 1659 sno

427 1700 683 1791 inperpetuum
708 1693 766 1766 vel
792 1696 838 1766 ad
863 1703 1007 1787 tempus
1032 1693 1206 1764 faciendis
1231 1694 1320 1786 quin
1346 1694 1441 1765 didce
1467 1702 1563 1767 terre
1590 1696 1635 1768 de
1660 1696 1774 1770 Achi-

430 1808 584 1881 donalde
609 1831 692 1880 cum
717 1808 947 1901 pertinentiis
964 1815 1002 1877 et
1019 1803 1128 1900 ipfius
1153 1829 1274 1878 annuo
1291 1807 1438 1879 redditu
1462 1809 1620 1901 predifio
1638 1819 1679 1881 vt
1694 1833 1774 1904 pre-

431 1923 546 1994 fertur
576 1919 767 1992 deficiente
799 1919 942 2014 integra
959 1919 1122 2010 *baronia
1150 1916 1213 1991 sua
1241 1920 1287 1989 de
1316 1917 1440 1990 Alden
1470 1920 1516 1991 ad
1546 1918 1774 2015 quascunque

430 2055 558 2107 manus
575 2031 634 2104 vel
651 2054 865 2124 quocunque
889 2033 968 2102 iure
985 2040 1050 2102 aut
1066 2030 1176 2102 titulo
1194 2031 1367 2102 deuenire
1384 2032 1578 2126 contigerit
1595 2032 1640 2103 ad
1657 2035 1775 2130 integ-

431 2170 508 2220 ram
520 2144 735 2217 solutionem
749 2145 923 2216 didcarum
935 2141 999 2214 sex
1011 2166 1213 2215 marcarum
1225 2139 1476 2237 sterlingorum
1489 2146 1599 2215 annui
1611 2145 1775 2219 redditus

431 2281 603 2330 unacum
626 2251 791 2349 expensis
809 2251 836 2324 fi
854 2277 943 2349 opus
961 2251 1048 2326 esset
1067 2256 1175 2327 modo
1193 2277 1264 2347 quo
1279 2250 1385 2347 supra
1401 2254 1557 2327 fideliter
1572 2256 1773 2330 faciendam

431 2365 507 2441 fine
536 2368 657 2460 aliqua
685 2367 968 2439 contradictione
993 2363 1019 2436 fi
1046 2390 1135 2460 opus
1162 2365 1250 2439 esset
1274 2366 1431 2439 fideliter
1453 2375 1491 2439 et
1519 2368 1775 2463 inperpetuum

431 2491 645 2569 tenerentur
654 2488 761 2572 prout
773 2479 811 2549 in
823 2480 927 2551 dieis
939 2477 1072 2551 litteris
1086 2478 1227 2572 plenius
1240 2481 1449 2551 continetur
1459 2517 1467 2535 ·
1479 2503 1588 2572 quare
1598 2504 1663 2575 pro
1672 2496 1775 2576 parte

432 2593 607 2665 difiorum
622 2588 777 2684 episcopi
789 2591 914 2661 decani
928 2598 966 2661 et
979 2590 1128 2684 capituli
1141 2592 1244 2662 nobis
1257 2591 1445 2662 humiliter
1455 2592 1524 2663 fuit
1535 2592 1774 2686 supplicatum

432 2713 473 2776 vt
489 2698 664 2798 premiffis
689 2704 799 2774 robur
816 2702 1097 2774 confirmationis
1119 2703 1261 2775 adicere
1279 2703 1324 2774 de
1341 2704 1565 2798 benignitate
1581 2704 1775 2799 apostolica

433 2816 687 2911 dignaremur·
704 2813 784 2885 Nos
801 2815 924 2906 itaque
941 2811 1144 2885 huiusmodi
1161 2812 1481 2908 supplicationibus
1506 2816 1670 2888 inclinati
1694 2842 1774 2912 pre·

432 2924 532 2999 missa
564 2929 686 2998 omnia
716 2935 754 2998 et
784 2921 923 3021 fingula
951 2934 1031 2997 rata
1061 2935 1100 2997 et
1127 2935 1232 3021 grata
1264 2928 1439 2999 habentes
1468 2926 1532 3000 illa
1559 2930 1775 3003 auctoritate

433 3037 626 3133 apostolica
643 3062 689 3110 ex
706 3046 806 3109 certa
821 3034 971 3110 scientia
995 3038 1247 3111 confirmamus
1265 3049 1304 3111 et
1319 3037 1494 3133 presentis
1510 3038 1632 3134 scripti
1656 3052 1777 3136 patro-

434 3153 529 3224 cinio
554 3152 818 3251 communimus
842 3147 1025 3244 suplentes
1050 3173 1197 3223 omnem
1223 3152 1405 3223 defectum
1426 3147 1454 3222 fi
1475 3152 1555 3244 quis
1580 3152 1696 3226 forsan
1721 3156 1776 3226 in·

432 3264 633 3336 teruenerit
665 3263 704 3334 in
733 3259 865 3333 eisdem
883 3302 892 3319 ·
912 3260 1019 3333 Nulli
1046 3286 1132 3359 ergo
1159 3265 1306 3335 omnino
1333 3264 1520 3335 hominum
1547 3263 1656 3339 liceat
1682 3268 1777 3341 hanc

433 3376 601 3471 paginam
635 3371 758 3446 nostre
789 3373 1070 3446 confirmationis
1100 3385 1139 3447 et
1169 3373 1404 3469 suppletionis
1433 3376 1628 3471 infringere
1654 3378 1713 3449 vel
1740 3384 1775 3452 ei

434 3486 521 3561 ausu
532 3488 722 3560 temerario
735 3486 913 3558 contraire
924 3525 933 3542 ·
945 3482 972 3555 fi
986 3488 1065 3578 quis
1077 3497 1201 3560 autem
1214 3487 1282 3559 hoc
1295 3497 1512 3581 attemptare
1522 3488 1775 3585 presumpserit

434 3600 720 3695 indignationem
744 3599 1002 3690 omnipotentis
1020 3597 1091 3671 Dei
1109 3609 1147 3671 et
1165 3601 1353 3673 beatorum
1371 3599 1471 3671 Petri
1489 3612 1528 3672 et
1545 3601 1650 3674 Pauli
1675 3602 1775 3699 apos-

435 3712 592 3783 tolorum
626 3714 702 3784 eius
735 3709 773 3782 se
806 3712 949 3781 nouerit
983 3708 1240 3784 incursurum·
1266 3711 1405 3784 Datum
1434 3711 1618 3788 Auinione
1645 3718 1773 3810 quinto

435 3822 608 3896 kalendas
625 3823 792 3917 februarij
810 3822 1042 3917 pontificatus
1058 3821 1167 3896 nostri
1184 3847 1279 3897 anno
1295 3823 1450 3898 secundo
1467 3865 1475 3882 ·

437 4159 653 4253 Preceptum
670 4157 774 4253 super
788 4159 851 4234 sex
868 4158 997 4234 marcis
1015 4159 1060 4232 de
1076 4159 1367 4256 Acbyndonald·

437 4359 661 4457 Willelmus
684 4383 729 4453 de
754 4382 879 4455 Kethe
905 4382 1132 4456 marescallus
1159 4335 1282 4456 Scotie
1307 4407 1349 4456 ac
1375 4384 1540 4457 dominus
1564 4385 1710 4461 baronio
1726 4390 1772 4461 de

437 4495 560 4571 Alden
588 4496 683 4567 infru
711 4496 1004 4569 vicecomitatum
1033 4497 1078 4569 de
1105 4495 1280 4569 Aberden
1308 4494 1475 4591 Philippo
1510 4498 1555 4570 de
1582 4497 1770 4575 Dumbrek
