4088 5430
343 629 413 703 976
857 619 1161 694 REGISTRUM
1529 616 1685 710 [sucum

345 934 402 1006 De
420 958 538 1007 annuo
555 936 698 1006 redditu
717 945 891 1004 terrarum
909 932 953 1003 de
972 931 1164 1025 Lethyndy
1184 971 1191 986 ·

253 1207 258 1221 a
345 1136 568 1232 Alexander
588 1158 632 1228 de
651 1156 784 1228 Forbes
808 1156 853 1226 de
871 1154 1068 1248 Kynnaldy
1086 1195 1094 1212 ·
1113 1195 1122 1211 ·
1143 1196 1151 1212 ·
1171 1154 1302 1225 Sciatis
1327 1177 1413 1225 me·
1434 1194 1442 1210 ·
1460 1195 1469 1210 ·
1489 1151 1685 1226 vendidille

346 1313 354 1330 ·
374 1313 381 1329 ·
401 1313 409 1327 ·
430 1267 596 1369 magistro
609 1269 633 1340 J
636 1270 767 1339 ohanni
782 1269 827 1339 de
841 1266 924 1338 Clat
941 1269 1113 1339 canonico
1131 1263 1380 1338 Aberdonensr
1396 1290 1505 1336 vnum
1523 1290 1684 1339 annuum

288 1412 299 1443 ο
344 1385 525 1455 redditum
543 1383 802 1475 quinquaginta
819 1382 929 1450 trium
946 1376 1139 1449 solidorum
1153 1389 1191 1449 et
1205 1389 1357 1469 quatuor
1370 1381 1597 1450 denariorum
1616 1423 1624 1437 ·
1645 1422 1653 1436 ·
1674 1424 1682 1437 ·

346 1494 539 1566 leuandum
558 1535 565 1550 ·
585 1535 593 1549 ·
613 1535 621 1549 ·
641 1494 685 1563 de
703 1495 807 1562 terris
833 1493 922 1561 meis
940 1491 985 1561 de
1003 1489 1196 1585 Lethyndy
1214 1492 1414 1562 iacentibus
1437 1494 1474 1561 iu
1492 1493 1684 1586 regalitate
1813 1550 1817 1557 .

346 1608 391 1677 de
409 1607 588 1678 Garuiaoh
605 1642 613 1659 ·
631 1644 639 1659 ·
657 1644 665 1658 ·
684 1627 747 1697 pro
765 1605 918 1696 quadam
937 1612 1036 1673 certa
1052 1599 1192 1673 summa
1208 1605 1360 1695 pecunie
1378 1627 1483 1695 quam
1503 1605 1683 1698 predittus

345 1714 513 1812 magister
534 1716 558 1787 J
561 1717 720 1787 ohannes
746 1716 832 1785 mihi
852 1755 859 1770 ·
881 1755 889 1771 ·
908 1755 916 1770 ·
935 1712 1161 1808 persoluebat
1178 1753 1186 1770 ·
1205 1755 1213 1771 ·
1232 1753 1239 1770 ·
1259 1716 1308 1785 Et
1327 1712 1354 1784 sl
1371 1715 1490 1808 aliquo
1516 1714 1597 1788 casn
1616 1758 1624 1773 ·
1645 1759 1653 1772 ·
1673 1759 1681 1774 ·

346 1832 532 1923 contingat
545 1829 640 1921 quod
658 1829 818 1922 prefatus
832 1823 1000 1920 magister
1013 1827 1197 1897 lohannes
1211 1827 1268 1897 vel
1282 1828 1432 1898 heredes
1445 1839 1507 1899 aut
1520 1824 1685 1923 allignati

345 1941 398 2013 sui
424 1942 641 2035 impediatur
658 1951 721 2011 aut
739 1941 981 2032 impediantur
999 1941 1205 2030 quominus
1223 1940 1356 2009 dittum
1383 1963 1542 2010 annuum
1568 1942 1686 2010 reddi·

346 2066 425 2124 tum
444 2092 451 2107 ·
470 2091 478 2108 ·
496 2091 504 2108 ·
522 2076 734 2146 recuperare
752 2053 885 2145 poterit
898 2047 960 2121 seu
977 2052 1137 2143 poterint
1154 2089 1162 2103 ·
1180 2089 1188 2105 ·
1206 2050 1310 2121 -volo
1327 2091 1334 2107 ·
1354 2089 1361 2105 ·
1379 2090 1386 2105 ·
1404 2053 1500 2144 quod
1517 2051 1687 2147 magister

345 2165 529 2236 Johanues
547 2176 585 2235 et
602 2164 753 2234 heredes
771 2161 822 2232 sui
841 2176 878 2233 et
897 2160 948 2231 sui
967 2158 1129 2256 allrgnati
1151 2163 1276 2234 leueut
1293 2202 1301 2218 ·
1321 2203 1327 2216 ·
1345 2203 1352 2218 ·
1372 2165 1506 2235 uinum
1523 2190 1687 2237 aunuum

346 2278 525 2348 redditum
543 2314 551 2329 ·
570 2315 577 2330 ·
596 2314 604 2329 ·
622 2277 668 2346 de
691 2275 858 2345 omnibus
876 2285 913 2344 et
932 2271 1078 2368 singulis
1105 2277 1209 2346 terris
1235 2278 1325 2347 meis
1342 2277 1387 2346 de
1406 2276 1626 2371 Kynnaldy·
1649 2321 1656 2335 ·
1677 2321 1685 2336 ·

346 2389 548 2460 iacentibus
567 2388 659 2458 infra
676 2426 684 2441 ·
701 2427 709 2441 ·
728 2425 735 2440 ·
754 2389 1046 2457 vicecomitatum
1066 2388 1111 2457 de
1129 2386 1300 2458 Aberden
1319 2428 1327 2443 ·
1347 2428 1355 2444 ·
1375 2429 1383 2445 ·
1402 2390 1583 2460 reddendo
1601 2393 1688 2462 iude

346 2501 433 2570 mihi
452 2531 467 2554 ¹·
494 2538 502 2554 ·
529 2538 537 2553 ·
563 2499 656 2592 apud
684 2500 796 2569 ninas
822 2507 935 2569 terras
957 2499 1002 2568 de
1022 2498 1204 2592 Lethiudy
1223 2500 1279 2571 vel
1297 2503 1343 2570 de
1360 2499 1557 2594 Kynualdy
1574 2525 1687 2574 vuum

347 2614 532 2683 denarium
559 2613 698 2704 argenti
726 2613 762 2679 iu
788 2614 933 2680 nomine
959 2610 1040 2681 albe
1066 2611 1167 2680 firme
1193 2614 1380 2682 annuatim
1407 2608 1433 2681 fi
1456 2623 1603 2705 petatur
1620 2656 1627 2671 ·
1647 2657 1685 2673 ··

347 2725 457 2817 Apud
475 2723 648 2794 Aberden
667 2724 700 2815 vj
720 2724 778 2791 dio
796 2719 927 2793 menfis
946 2723 1038 2814 Maij
1057 2746 1151 2793 anno
1170 2721 1316 2792 Domini
1336 2745 1528 2795 u.cccc.1,v
1547 2767 1554 2782 ·
1573 2724 1689 2798 Testi-

347 2836 413 2907 bua
431 2877 439 2892 ·
460 2876 467 2891 ·
487 2877 494 2892 ·
515 2835 675 2905 Henrioo
695 2833 822 2926 Heruy
841 2876 849 2890 ·
869 2834 1047 2905 Duuoano
1066 2834 1231 2927 Lychton
1252 2876 1260 2890 ·
1280 2835 1439 2906 Henrioo
1458 2837 1585 2928 Rynde
1607 2863 1689 2932 pre-

347 2959 493 3021 centore
511 2947 724 3019 cancellario
742 2958 779 3016 et
799 2947 1016 3018 thesaurario
1032 2988 1039 3004 ·
1053 2946 1190 3016 Thoma
1205 2947 1366 3018 llduame
1380 2987 1387 3001 ·
1400 2948 1551 3020 Valtero
1566 2950 1661 3044 Yuyl
1680 2993 1688 3010 ·

347 3061 500 3134 Valtero
520 3059 724 3130 Fowlarton
744 3100 751 3114 ·
771 3059 920 3130 Andrea
938 3058 1026 3152 Fyff
1046 3061 1226 3130 canonicis
1244 3070 1282 3129 et
1305 3061 1547 3154 prebendarijs
1565 3103 1573 3119 ·
1592 3062 1689 3134 Lau-

346 3175 468 3245 renoio
482 3169 698 3243 Doncanson
714 3211 721 3227 ·
734 3169 872 3241 Thoma
886 3170 1011 3241 Ettale
1025 3211 1033 3228 ·
1045 3171 1069 3241 J
1071 3171 1182 3242 acobo
1198 3169 1320 3242 Fraser
1338 3173 1522 3265 capellano
1538 3173 1690 3246 ecclesie

346 3279 614 3355 Aberdonensrs
633 3323 640 3337 ·
660 3281 838 3352 Dnnoano
857 3284 902 3353 de
920 3282 1004 3353 Clat
1018 3323 1026 3338 ·
1042 3281 1196 3353 Ricardo
1215 3283 1259 3353 de
1278 3282 1422 3353 Kentor
1438 3323 1446 3339 ·
1465 3299 1502 3356 et
1519 3285 1688 3381 magistro

347 3396 371 3467 J
374 3396 515 3467 ohanne
534 3394 670 3466 Cadiou
689 3396 828 3464 notario
846 3394 991 3487 publioo
1008 3390 1243 3489 burgensibus
1260 3395 1363 3488 burgi
1383 3396 1428 3466 de
1442 3397 1611 3468 Aberden
1629 3438 1636 3454 ·

349 3709 582 3825 Prooeptum
603 3726 714 3801 safiue
733 3729 891 3800 eiusdem
917 3754 980 3823 per
998 3730 1248 3801 Alexandrum
1267 3729 1419 3802 Forbell
1429 3733 1473 3802 de
1492 3730 1687 3826 Kynnaldy

348 3855 386 3915 et
411 3844 594 3937 Lathindy
618 3842 775 3913 Jol1anui
804 3839 978 3935 Lyndesai
1006 3841 1180 3914 direttum
1204 3883 1212 3898 ·
1232 3842 1369 3914 Datum
1395 3846 1489 3937 apud
1515 3843 1687 3915 Aberden

347 3957 381 4047 vj
400 3956 459 4026 die
475 3952 606 4026 mensis
625 3954 715 4046 Maij
734 3977 829 4025 anno
849 3953 996 4025 Domini
1014 3974 1230 4025 mccccnv·

348 4287 471 4364 Salina
488 4288 643 4362 eiusdem
664 4331 670 4344 ·

347 4492 400 4588 Iu
431 4514 499 4585 Dei
532 4515 678 4583 nomine
707 4512 827 4584 Amen
845 4552 852 4569 ·
871 4552 879 4568 ·
897 4552 905 4567 ·
923 4515 1070 4588 Cunttis
1101 4529 1225 4611 pateat
1254 4519 1443 4590 euidenter
1470 4520 1564 4611 quod
1592 4543 1689 4591 anno
