4088 5430
343 604 417 677 eos
861 587 1168 664 nnolsnnrm
1533 591 1694 686 [suem

347 907 458 980 cara
474 904 626 978 Roberti
643 897 861 975 nonnemo
876 900 924 973 ne
941 942 950 957 ·
968 901 1056 994 xviij
1075 941 1085 958 .
1104 896 1247 971 sorim·

349 1106 547 1203 Robertne
562 1124 781 1199 Blindeseile
805 1120 991 1221 burgenfio
1008 1125 1054 1196 de
1071 1123 1245 1196 Aberden
1260 1163 1270 1178 ·
1286 1162 1296 1179 ·
1313 1163 1321 1178 ·
1339 1124 1529 1197 Noueritis
1545 1149 1607 1198 me
1623 1169 1633 1184 ·
1652 1168 1662 1183 ·
1683 1169 1692 1184 ·

349 1237 544 1314 vendidiffe
562 1281 570 1297 ·
589 1279 599 1297 ·
617 1280 626 1296 ·
643 1235 813 1333 magistro
839 1238 996 1310 Ricardo
1020 1236 1157 1308 Forben
1181 1237 1318 1308 decano
1342 1235 1620 1311 Aberdonenfi·
1646 1280 1655 1294 ·
1682 1282 1692 1295 ·

348 1375 510 1427 annumn
534 1352 716 1423 redditum
740 1352 827 1444 xviij
851 1349 914 1422 soL
938 1390 947 1407 ·
973 1390 982 1405 ·
1007 1391 1016 1406 ·
1042 1372 1113 1420 ex·
1131 1390 1140 1405 ·
1158 1388 1168 1406 ·
1189 1346 1387 1441 conquestu
1411 1345 1626 1443 aoqnifitnm
1651 1364 1693 1421 et

350 1464 546 1539 leuandum
563 1503 572 1519 ·
590 1502 600 1520 ·
616 1499 626 1517 ·
644 1462 690 1534 de
714 1470 812 1534 terra
834 1462 1009 1534 heredum
1026 1461 1208 1554 qnondam
1224 1460 1373 1533 Andree
1398 1463 1444 1534 de
1460 1462 1695 1557 Rndyrfnrde

352 1616 361 1634 ·
379 1614 389 1635 ·
405 1614 414 1632 ·
431 1578 572 1648 iacente
591 1578 629 1646 in
647 1576 727 1646 vioo
743 1575 925 1646 furcarum
942 1598 988 1645 ex
1005 1571 1173 1645 orientali
1197 1583 1300 1665 parte
1325 1571 1484 1645 eiusdem
1501 1577 1570 1647 rici
1595 1578 1696 1647 inter

351 1698 485 1760 terram
502 1686 650 1758 Andree
667 1684 851 1759 Alansone
872 1710 919 1758 ex
942 1696 1045 1780 parte
1069 1683 1215 1756 australi
1233 1708 1280 1755 ex
1295 1694 1400 1778 parte
1416 1708 1487 1758 vna
1502 1698 1541 1758 et
1556 1700 1695 1760 terram

352 1799 500 1872 Ricordi
512 1801 558 1871 de
568 1798 715 1871 Kentor
730 1822 777 1871 ex
794 1812 898 1893 parte
914 1797 1051 1870 boreali
1068 1820 1114 1868 ex
1131 1807 1234 1890 parte
1251 1797 1366 1869 altera
1382 1837 1391 1852 ·
1408 1837 1416 1852 ·
1434 1837 1443 1854 ·
1458 1801 1694 1891 proquodam

352 1922 453 1985 certa
463 1911 603 1984 summa
614 1912 767 2005 pecunie
781 1934 888 2003 quam
901 1911 1062 2003 prefatus
1075 1907 1244 2004 magister
1254 1910 1430 1982 Ricardun
1442 1911 1552 1982 mihi·
1566 1952 1575 1967 ·
1590 1951 1599 1968 ·
1613 1936 1696 2005 per·

352 2022 516 2097 solnebat
528 2064 537 2081 ·
551 2062 560 2079 ·
572 2061 581 2079 ·
595 2023 707 2116 Apud
721 2023 894 2095 Aberden
908 2046 959 2094 xx
972 2022 996 2092 J
998 2023 1073 2115 unij
1087 2044 1182 2092 anno
1196 2020 1345 2093 Domini
1357 2043 1612 2095 mccccaxvn
1626 2064 1635 2079 ·
1653 2067 1662 2080 ·
1682 2067 1693 2082 ·

352 2135 518 2209 Testibus
529 2136 685 2208 Ricardo
699 2135 744 2207 de
755 2133 900 2206 Kentor
912 2128 1089 2227 prepofito
1102 2132 1259 2205 ·Thoma
1270 2135 1316 2205 de
1329 2134 1481 2207 Camena
1492 2146 1531 2207 et
1543 2136 1696 2209 Andrea

354 2248 507 2321 Schemr
522 2249 663 2320 duobus
680 2246 895 2319 bollinorum
914 2247 998 2317 dieti
1017 2246 1120 2340 burgi
1134 2289 1142 2304 ·
1155 2245 1330 2317 Villelmo
1345 2246 1488 2319 Ponton
1502 2288 1511 2304 ·
1524 2248 1548 2318 J
1550 2249 1694 2321 ohanne

354 2356 597 2433 Mothousone
608 2397 618 2415 ·
629 2358 779 2430 Andrea
791 2353 944 2429 Baxstnr
956 2398 964 2414 ·
978 2357 1153 2430 Villelmo
1171 2358 1216 2429 de
1233 2356 1379 2429 Kentor
1390 2398 1399 2413 ·
1412 2361 1556 2432 domino
1569 2360 1695 2434 Dauid

354 2472 507 2566 Prowdy
525 2513 533 2529 ·
552 2472 697 2544 domino
717 2470 754 2542 N
756 2470 909 2543 icholoio
927 2469 1081 2563 Prowdy
1097 2507 1106 2525 ·
1123 2478 1162 2540 et
1186 2469 1330 2539 domino
1348 2469 1498 2543 Andrea
1517 2471 1695 2566 Muryson

354 2585 548 2680 capellanis
566 2625 575 2641 ·
593 2583 761 2656 Johanne
778 2583 824 2654 de
836 2582 1023 2676 Tulydeffe
1041 2580 1275 2652 ·Alexandro
1293 2580 1503 2655 Andersone
1517 2624 1526 2640 ·
1541 2594 1579 2655 et
1597 2585 1695 2657 Lau·

352 2698 474 2769 rencio
490 2693 692 2768 Thomsone
709 2734 717 2751 ·
735 2694 852 2767 tribus
868 2691 1142 2789 sergeandorum
1160 2692 1245 2763 ditti
1262 2692 1366 2788 burgi
1384 2736 1392 2750 ·

353 3033 463 3106 Garto
478 3031 616 3103 Thome
634 3033 679 3103 de
696 3031 833 3104 Mawle
851 3031 986 3102 domini
1005 3030 1050 3101 de
1069 3029 1225 3100 Panmor
1242 3030 1287 3100 de
1305 3068 1313 3084 ·
1331 3055 1354 3099 x
1374 3071 1381 3086 ·
1400 3033 1553 3104 marcis·

353 3234 523 3332 Thomas
549 3255 595 3327 de
618 3253 754 3326 Mawle
778 3253 945 3324 dominus
970 3252 1014 3324 de
1036 3252 1193 3324 Panmor
1214 3252 1319 3323 miles
1337 3293 1345 3310 ·
1365 3293 1373 3309 ·
1392 3294 1400 3310 ·
1421 3254 1607 3328 Noueritis
1632 3282 1695 3331 me

354 3413 362 3428 ·
382 3411 390 3427 ·
411 3410 419 3426 ·
437 3364 632 3440 vendidisse
645 3404 654 3421 ·
667 3403 697 3421 ··
713 3365 860 3437 Andree
880 3364 989 3436 Alani
1007 3361 1173 3458 burgensi
1191 3366 1295 3460 burgi
1314 3365 1359 3437 de
1373 3365 1566 3439 Aberdenc
1579 3391 1694 3444 vnum

352 3501 512 3555 annuum
538 3479 720 3551 redditum
747 3477 865 3548 decim
891 3498 1091 3549 marcarum
1118 3514 1126 3531 ·
1153 3514 1161 3530 ·
1189 3515 1197 3531 ·
1225 3477 1418 3549 leuandum
1446 3479 1491 3548 de
1517 3483 1620 3552 terrie
1645 3484 1693 3557 de

353 3616 483 3689 magno
510 3590 659 3685 Morfy·
685 3631 692 3647 ·
717 3626 725 3643 ·
747 3589 949 3661 iacentibus
974 3588 1067 3659 infra
1092 3589 1384 3661 vicecomitatum
1410 3592 1454 3663 de
1480 3590 1693 3685 Kyncardin

353 3747 361 3764 ·
380 3746 388 3763 ·
408 3746 416 3762 ·
435 3702 646 3775 Tenendum
665 3739 673 3756 ·
693 3736 701 3755 ·
717 3739 725 3755 ·
743 3702 781 3771 in
799 3701 904 3772 feodo
920 3712 958 3772 ot
979 3700 1205 3772 hereditate·
1224 3739 1232 3755 ·
1250 3740 1258 3755 ·
1276 3700 1476 3774 Reddendo
1495 3745 1502 3760 ·
1522 3746 1531 3761 ·
1550 3746 1558 3762 ·
1578 3728 1692 3780 vnum

352 3819 538 3889 denarium
563 3815 703 3909 argenti
720 3851 729 3868 ·
746 3851 755 3869 ·
772 3851 780 3868 ·
798 3815 944 3885 nomine
969 3813 1051 3885 albe
1076 3812 1178 3884 firme
1195 3853 1204 3870 ·
1224 3854 1232 3869 ·
1253 3853 1260 3868 ·
1279 3812 1390 3906 Apud
1414 3815 1586 3888 Aberdon
1613 3843 1691 3892 xxx

351 3928 511 4019 Jonuorij
539 3948 633 3996 anno
660 3924 809 3996 Domini
835 3921 1327 3996 rr.cccc.nxv11·Testibus·
1352 3965 1361 3983 ·
1381 3966 1389 3982 ·
1407 3927 1618 4001 Alexandro
1643 3932 1692 4003 de

352 4040 503 4111 Carnem
519 4034 697 4130 preposito
715 4038 759 4108 de
777 4036 961 4108 Aberdein
978 4075 987 4093 ·
1005 4035 1215 4108 Alexandro
1235 4036 1404 4130 Mengeis
1421 4038 1626 4113 ·Richardo
1643 4044 1692 4115 dc

352 4149 499 4244 Kyntor
511 4189 519 4205 ·
533 4147 671 4219 Thoma
685 4147 812 4220 Ledall
826 4188 835 4205 ·
850 4147 1025 4219 Villelmo
1040 4147 1160 4220 Etalle
1173 4186 1182 4202 ·
1196 4148 1349 4219 dominis
1367 4149 1528 4222 Roberto
1546 4152 1663 4224 Rowll
1679 4197 1688 4212 ·

352 4262 512 4333 Roberto
539 4257 643 4330 Leise
668 4258 888 4351 capellanis·
908 4258 1084 4332 Villelmo
1111 4259 1237 4332 Ledall
1265 4260 1309 4330 de
1332 4260 1508 4355 Panlothy
1526 4301 1534 4317 ·
1551 4264 1689 4338 Thoma

350 4370 626 4463 Strodaquhyne
644 4370 828 4463 armigeris
847 4411 854 4427 ·

1033 4481 1192 4555 Tnonns
1209 4482 1353 4554 annn
1372 4505 1417 4554 or
1437 4485 1637 4558 Pannwn·
