4088 5430
360 641 461 738 xiv]
825 641 1224 717 ABERDONENSE.
1625 653 1696 726 187

360 865 431 935 quo
448 843 541 914 fatto
559 844 708 914 tradatis
726 840 866 913 easdem
884 851 996 912 terras
1014 864 1095 912 cuni
1113 844 1345 936 pertinenciis
1362 845 1407 915 ad
1424 844 1584 938 plegium
1598 844 1692 914 dicto

360 951 523 1048 episcopo
541 950 788 1024 Aberdonensi
807 975 911 1044 quem
938 951 1142 1047 episcopum
1160 978 1206 1025 ex
1224 966 1325 1048 parte
1342 952 1463 1027 nostra
1488 957 1629 1049 ponatis
1654 958 1692 1026 in

359 1067 510 1137 eandam
536 1061 778 1158 possessionem
804 1065 977 1135 dictarum
1003 1073 1179 1136 terrarum
1205 1090 1288 1137 cirin
1314 1069 1545 1158 pertinenciis
1566 1070 1603 1138 in
1622 1091 1692 1159 qua

358 1177 576 1248 reuerendus
603 1178 641 1246 iii
666 1174 807 1247 Christo
835 1186 938 1268 pater
966 1177 1145 1267 quondam
1170 1177 1289 1248 Adam
1318 1177 1503 1271 episcopus
1528 1179 1692 1251 Aberdc-

359 1284 475 1359 nensis
491 1289 721 1359 immediatus
738 1283 955 1381 predecessor
971 1288 1054 1358 liius
1071 1298 1147 1359 erat
1165 1297 1328 1381 tempore
1341 1313 1411 1381 quo
1426 1292 1516 1384 obijt
1530 1331 1537 1347 ·
1553 1291 1689 1362 Datum

358 1399 422 1471 sub
446 1398 651 1471 testimonio
681 1397 792 1470 nostri
819 1400 939 1492 magni
968 1396 1073 1494 sigilli
1102 1401 1196 1492 apud
1226 1399 1447 1496 Edynburgli
1478 1404 1605 1494 quinto
1632 1404 1690 1472 die

358 1510 494 1605 Aprilis
512 1536 605 1583 anno
623 1514 723 1607 regni
741 1509 849 1583 nostri
867 1512 982 1604 primo
1000 1551 1008 1568 ·

357 1848 479 1919 Litera
505 1851 599 1944 regis
626 1849 718 1920 satta
743 1844 914 1942 assignato
942 1845 1123 1939 iusticiarij
1152 1846 1197 1918 ad
1224 1847 1544 1939 perambulandum
1572 1860 1687 1920 inetas

355 1961 450 2030 inter
478 1970 591 2032 terras
621 1961 666 2032 da
695 1957 879 2054 Tyrprelsy
906 1968 945 2030 et
975 1968 1088 2030 terras
1118 1960 1163 2029 de
1192 1958 1399 2052 Tulyangus
1429 1969 1468 2030 et
1498 1970 1611 2032 terras
1642 1963 1687 2035 de

355 2071 489 2142 Forbes
507 2112 515 2129 ·

354 2273 549 2370 Robertus
576 2297 646 2368 Dei
672 2298 787 2390 gretia
813 2319 876 2366 rex
903 2295 1111 2366 Scottorum
1139 2295 1305 2365 omnibus
1335 2294 1454 2387 probis
1483 2294 1686 2367 hominibus

352 2409 423 2481 suis
449 2411 494 2481 ad
520 2433 608 2502 quos
635 2406 816 2502 presentes
842 2407 946 2477 litere
974 2409 1206 2500 peruenerint
1232 2404 1410 2478 salutem·
1433 2405 1564 2479 Sciatis
1589 2411 1684 2501 quod

352 2523 502 2594 fecimus
534 2517 784 2593 constituimus
813 2529 850 2590 et
881 2519 1124 2589 ordinauimus
1154 2520 1305 2590 facimus
1335 2543 1405 2610 que
1434 2516 1684 2593 constituimus

351 2644 390 2705 et
416 2635 620 2704 ordinamus
646 2633 779 2724 pariter
800 2655 865 2724 per
889 2629 1071 2723 presentes
1095 2630 1264 2706 dilectum
1289 2640 1327 2701 et
1353 2630 1497 2702 fidelem
1524 2629 1683 2704 nostrum

351 2745 555 2817 Johannem
572 2747 618 2816 ile
635 2743 808 2816 Gordonn
831 2743 984 2813 militem
1011 2740 1191 2835 iusticiarij
1219 2739 1328 2812 nostri
1352 2739 1566 2837 assignatum
1593 2747 1685 2817 insra

265 2919 272 2929 .
351 2860 642 2930 vicecomitatum
666 2859 710 2927 de
734 2856 905 2927 Aberdcn
931 2854 1130 2947 specialiter
1155 2856 1394 2947 deputatum·
1413 2857 1540 2926 dantes
1566 2858 1683 2928 eidem

351 2970 546 3063 plenariam
575 2966 790 3063 potestatem
814 2978 853 3039 et
877 2968 1087 3038 mandatum
1114 2964 1274 3036 nostrum
1299 2963 1450 3060 speciale
1476 2969 1520 3039 ad
1545 2990 1683 3060 peram-

351 3082 547 3152 bulandum
575 3084 687 3152 rectas
713 3089 830 3151 metas
860 3090 897 3150 et
927 3077 1055 3149 diuisas
1083 3080 1178 3149 inter
1204 3088 1317 3149 terras
1348 3080 1393 3150 de
1420 3077 1617 3172 Tireprelsy
1644 3090 1682 3151 et

351 3203 462 3264 terras
496 3195 541 3264 de
570 3187 791 3286 Tulyanguss
818 3214 901 3262 cuni
934 3192 1166 3283 pertinenciis
1200 3214 1269 3282 que
1302 3189 1386 3261 sunt
1419 3194 1607 3262 reuerendi
1644 3196 1680 3264 iii

350 3303 490 3376 Christo
507 3307 618 3398 patris
631 3304 784 3375 Gilberti
804 3300 957 3396 episcopi
975 3300 1240 3373 Aberdonensis
1258 3327 1304 3374 ex
1321 3312 1423 3396 parte
1436 3325 1507 3373 vna
1519 3313 1557 3373 et
1569 3314 1681 3376 terras

350 3419 395 3488 de
417 3417 550 3488 Forbes
578 3439 659 3488 cuin
687 3416 918 3508 pertinenciis
943 3438 1013 3505 que
1038 3412 1121 3485 sunt
1138 3414 1313 3486 Johannis
1335 3416 1379 3486 de
1397 3414 1531 3485 Forbes
1556 3417 1681 3488 militis

350 3554 396 3600 ex
413 3540 515 3623 parte
532 3529 647 3600 altera
670 3530 828 3599 iacentes
846 3528 938 3597 infra
955 3526 1088 3597 diaum
1106 3529 1397 3598 vicecomitatum
1415 3564 1424 3581 ·
1440 3549 1550 3618 quare
1567 3530 1682 3599 omni-

349 3642 416 3712 bus
439 3653 477 3710 et
503 3636 649 3733 singulis
672 3640 805 3710 dictum
830 3639 1122 3709 vicecomitatum
1152 3639 1436 3709 inhabitantibus
1459 3662 1500 3709 ac
1523 3643 1677 3710 ceteris·

349 3775 500 3845 quorum
518 3748 667 3822 interest
684 3748 839 3820 distrit’te
856 3751 1071 3842 precipimus
1088 3759 1126 3821 et
1142 3751 1354 3820 mandamus
1367 3758 1545 3841 quatenus
1561 3752 1679 3822 eidem

348 3863 504 3934 Johaiini
523 3873 693 3954 tanquam
718 3859 898 3954 iusticiarij
916 3858 1026 3931 nostri
1051 3858 1223 3955 assignato
1241 3863 1277 3930 in
1296 3862 1461 3932 omnibus
1479 3871 1516 3932 et
1533 3859 1679 3958 singulis

349 3999 419 4068 que
444 3976 488 4045 ad
514 3976 644 4045 diaam
671 3973 1015 4067 perambulationem
1046 3974 1229 4066 pertinent
1258 3981 1422 4065 prompte
1451 3984 1600 4066 pareant
1625 3999 1679 4046 re-

347 4087 543 4180 spondeant
561 4095 599 4156 et
616 4087 833 4156 intendant·
854 4085 987 4156 Datum
1005 4082 1069 4154 sub
1087 4079 1290 4154 testimonio
1307 4080 1417 4154 nostri
1434 4087 1556 4179 magni
1574 4083 1677 4181 sigilli

349 4201 443 4292 apud
462 4197 681 4292 Edynburgh
698 4195 799 4268 sexto
815 4199 874 4268 die
891 4196 1027 4289 Aprilis
1044 4219 1138 4267 anno
1155 4196 1255 4288 regni
1272 4191 1382 4266 nostri
1399 4198 1514 4290 primo
1531 4235 1540 4252 ·
