4088 5430
285 607 369 703 ιιι]
753 607 1154 683 annnnonnnsn.
1549 621 1617 693 an

284 808 379 880 dica
404 831 468 901 per
484 830 611 880 manus
636 808 787 902 prodisti
813 806 971 904 magistri
989 808 1146 882 Walteri
1173 833 1235 903 pro
1261 819 1340 882 toto
1365 821 1527 904 tempore
1544 815 1619 884 vite

282 914 344 991 sue
361 929 400 991 et
416 917 495 1014 post
512 916 619 1014 ipsius
637 916 814 991 decessum
831 943 896 1012 per
911 943 1040 992 manus
1057 923 1283 992 dominorum
1305 925 1556 996 canonicorum
1574 925 1619 995 de

283 1031 441 1125 capitulo
459 1028 707 1103 Aberdonenfi
726 1071 735 1088 ·
754 1071 762 1088 ·
781 1071 789 1088 ·
809 1054 879 1104 vna
901 1055 984 1104 oum
1002 1034 1237 1128 quadraginta
1253 1031 1373 1106 solidis
1391 1036 1437 1106 de
1454 1031 1556 1106 stallo
1574 1037 1619 1106 de

285 1141 382 1215 Dere
399 1167 462 1236 per
479 1166 605 1214 manua
629 1143 852 1237 prebendarij
872 1144 917 1215 de
935 1143 1032 1215 Dere
1049 1181 1058 1199 ·
1076 1182 1084 1199 ·
1101 1183 1110 1200 ·
1127 1149 1314 1217 annuatim
1340 1148 1514 1240 percipiet
1539 1171 1619 1241 pro·

282 1255 569 1348 portionabiliter
581 1255 625 1328 ad
640 1251 728 1326 festa
744 1257 966 1327 iuuencionia
979 1253 1098 1327 sande
1112 1258 1226 1328 crucis
1243 1259 1289 1330 ad
1302 1259 1445 1330 vincula
1458 1262 1617 1330 omnium

282 1364 484 1440 studiorum
502 1376 540 1438 et
557 1369 814 1461 purificationis
841 1369 947 1439 beate
965 1366 1083 1440 Marie
1103 1367 1265 1463 Virginis
1283 1410 1290 1427 ·
1311 1379 1348 1441 et
1365 1368 1481 1442 missas
1502 1374 1618 1464 priua-

283 1481 348 1549 tim
367 1480 525 1551 oelebret
551 1503 633 1551 oum
658 1475 846 1572 dispositus
872 1481 979 1551 fuerit
1005 1482 1110 1552 iuxta
1135 1477 1243 1574 ipsius
1268 1482 1465 1575 capellanie
1492 1482 1618 1555 sunda·

282 1593 420 1663 tionem
446 1616 487 1664 ao
513 1595 623 1663 etiam
649 1594 687 1663 in
712 1592 819 1662 choro
845 1592 1020 1663 officietur
1037 1601 1077 1661 vt
1102 1595 1213 1664 ceteri
1240 1590 1444 1666 subdiaconi
1470 1593 1618 1666 ecclesie

284 1745 291 1760 ·
312 1744 319 1760 ·
340 1745 347 1760 ·
366 1704 477 1796 Apud
495 1702 681 1777 ecclesiam
700 1742 708 1758 ·
726 1743 734 1760 ·
752 1701 1067 1776 ·Aberdonensem
1081 1728 1177 1776 nono
1196 1705 1254 1775 die
1266 1704 1397 1776 mensis
1409 1706 1509 1801 Junij
1523 1732 1618 1779 anno

284 1814 430 1886 Domini
457 1836 656 1887 u.cocc.1.11
676 1812 766 1886 teste
783 1816 941 1909 capitulo
958 1855 966 1871 ·

285 2151 408 2223 Litora
429 2148 678 2224 testimonialia
695 2153 831 2222 domini
849 2152 1049 2224 Alexandri
1068 2153 1112 2223 de
1130 2151 1270 2246 lrwyne
1287 2153 1333 2223 do
1351 2152 1466 2223 Drum
1493 2155 1618 2225 militia

284 2260 480 2335 desursum
504 2261 742 2359 resignatione
766 2275 940 2336 terrarum
959 2259 1275 2336 ecclesiasticarum
1293 2264 1338 2335 de
1357 2263 1562 2358 Dulmayok
1581 2277 1617 2337 et

284 2375 503 2450 Petbreohar
520 2417 528 2434 ·

283 2578 505 2674 Alexander
532 2601 576 2671 de
603 2599 743 2693 Irwyne
771 2600 815 2671 de
844 2598 960 2670 Drum
991 2599 1094 2670 miles
1121 2640 1129 2657 ·
1157 2641 1164 2656 ·
1193 2640 1201 2655 ·
1227 2599 1383 2672 Nouerit
1409 2601 1618 2675 uniuersitas

284 2711 399 2786 vestra
411 2713 506 2805 quod
520 2713 603 2804 quia
619 2710 832 2807 recognosco
845 2711 986 2782 nullum
1004 2714 1059 2782 ius
1077 2712 1164 2781 mihi
1184 2752 1191 2767 ·
1212 2753 1219 2768 ·
1239 2753 1247 2768 ·
1267 2725 1499 2807 competere·
1519 2758 1526 2772 ·
1548 2757 1555 2772 ·
1574 2718 1619 2788 ad

283 2837 395 2896 terras
413 2819 667 2896 ecclesiasticas
685 2824 730 2895 de
748 2823 953 2917 Dulmayok
971 2833 1009 2894 et
1029 2821 1248 2894 Petbreohar
1268 2824 1371 2918 iuxta
1388 2823 1555 2898 forestam
1574 2830 1618 2898 de

284 2937 400 3007 Drum
418 2935 478 3008 sed
499 2936 579 3008 illas
597 2977 605 2993 ·
625 2978 632 2993 ·
652 2978 660 2992 ·
680 2936 858 3008 duntaxat
876 2959 922 3006 ex
939 2934 1191 3006 benevolentia
1209 2933 1453 3029 episcoporum
1472 2939 1619 3010 ecclesie

284 3045 550 3120 Aberdonensra
575 3057 614 3120 et
639 3049 857 3121 tolerantia·
878 3090 885 3104 ·
906 3088 913 3105 ·
931 3044 1089 3120 habuisse
1107 3085 1115 3102 ·
1133 3085 1140 3100 ·
1158 3085 1166 3101 ·
1184 3058 1222 3117 et
1248 3058 1372 3119 tenere
1395 3051 1441 3120 de
1462 3051 1619 3143 presenti

282 3185 346 3255 pro
364 3160 512 3233 seruicio
537 3183 617 3232 meo
636 3201 644 3216 ·
663 3198 671 3215 ·
689 3200 697 3214 ·
715 3160 804 3231 Ideo
822 3200 830 3215 ·
849 3199 856 3214 ·
874 3201 882 3216 ·
902 3183 1008 3230 omne
1025 3161 1080 3229 ius
1097 3170 1135 3229 et
1153 3159 1331 3230 olameum
1351 3157 1375 3229 si
1395 3162 1490 3253 quod
1510 3163 1618 3233 habui

284 3276 405 3345 ···ad
431 3275 542 3346 didas
567 3283 705 3345 terras·
728 3312 737 3328 ·
757 3312 766 3329 ·
783 3271 918 3344 sursum
943 3272 1053 3342 reddo
1072 3312 1079 3327 ·
1100 3311 1107 3326 ·
1127 3312 1135 3326 ·
1154 3272 1192 3341 in
1218 3273 1382 3343 manibus
1400 3313 1409 3329 ·
1428 3314 1435 3329 ·
1456 3314 1464 3330 ·
1484 3274 1617 3345 domini

284 3385 464 3481 Ingerami
490 3382 644 3479 episcopi
662 3382 952 3456 Aberdonenlia·
974 3424 981 3439 ·
1002 3423 1009 3437 ·
1029 3381 1139 3476 Apud
1164 3381 1279 3452 Drum
1304 3384 1391 3475 xviij
1411 3385 1468 3455 die
1489 3383 1619 3457 mensis

285 3497 503 3569 Nouembris
520 3520 614 3569 anno
631 3499 746 3591 gratie
764 3516 962 3567 u.ccco.n11
981 3532 988 3549 ·

285 3830 342 3902 De
360 3854 479 3902 annuo
496 3831 641 3902 redditu
657 3828 718 3903 sex
737 3853 934 3903 marcarum
954 3829 999 3901 de
1016 3832 1122 3901 terris
1139 3831 1184 3900 de
1202 3829 1419 3923 Auehleuyn
1437 3870 1444 3886 ·

284 4033 466 4130 Valterue
483 4054 616 4150 Ogilvy
633 4057 679 4127 de
697 4052 899 4126 Deskiurde
923 4054 1028 4125 miles
1047 4093 1054 4110 ·
1074 4093 1082 4109 ·
1102 4095 1109 4109 ·
1131 4052 1318 4124 Noueritia
1338 4078 1423 4126 me·
1443 4097 1450 4112 ·
1471 4098 1478 4113 ·
1499 4061 1621 4129 vendi·

283 4166 370 4240 disse
388 4208 396 4224 ·
416 4209 423 4224 ·
443 4209 451 4224 ·
472 4167 672 4240 Laurenoio
690 4165 785 4261 Pyot
802 4166 1051 4239 archidiacono
1065 4163 1314 4237 Aberdonensr
1332 4190 1442 4238 vnum
1460 4192 1620 4242 annuum

282 4282 464 4353 redditum
482 4279 543 4351 sex
560 4302 760 4353 marcarum
777 4318 785 4335 ·
803 4318 811 4335 ·
829 4317 836 4334 ·
855 4278 1048 4350 leuandum
1068 4316 1075 4332 ·
1095 4318 1103 4333 ·
1123 4316 1131 4332 ·
1152 4276 1197 4347 de
1214 4278 1318 4348 terris
1335 4280 1426 4348 meis
1439 4279 1484 4349 de
1498 4280 1621 4353 Anch-

283 4395 393 4487 leuyn
412 4433 419 4450 ·
440 4434 447 4449 ·
468 4435 475 4450 ·
494 4394 532 4464 in
550 4395 726 4465 comitatu
744 4394 789 4464 de
807 4390 997 4485 Garuyaoh
1015 4429 1023 4445 ·
1043 4428 1051 4445 ·
1071 4429 1079 4446 ·
1099 4412 1162 4482 pro
1184 4399 1283 4461 certa
1307 4386 1445 4463 summa
1469 4396 1621 4484 pecunie

284 4549 291 4563 ·
314 4549 321 4564 ·
341 4549 348 4564 ·
368 4506 462 4578 vnde
488 4528 547 4578 me
572 4514 786 4579 contentum
811 4514 920 4576 teneo
945 4513 984 4575 et
1009 4500 1166 4573 fideliter
1195 4499 1441 4595 persolutum·
1459 4541 1467 4558 ·
1485 4542 1492 4558 ·
1512 4503 1621 4597 Apud
