4088 5430
344 625 415 691 988
857 610 1161 685 REGISTRUM
1525 610 1683 706 [sucum

349 817 432 888 diei
450 814 474 885 J
476 814 625 885 ohannis
643 813 687 884 de
705 808 796 882 Roll'
814 812 954 882 iacente
972 818 1138 902 exparte
1163 809 1328 881 orientali
1346 810 1432 879 diei
1456 809 1561 902 burgi
1588 810 1689 879 inter
1741 783 1745 792 ⁸

348 941 480 1000 terram
499 925 641 997 Valteri
664 926 709 995 de
727 924 840 1016 Curry
858 947 903 993 ex
921 932 1023 1014 parte
1048 921 1174 992 boriali
1199 945 1245 993 ex
1270 928 1373 1014 parte
1390 944 1461 992 vna
1486 930 1524 991 et
1549 936 1688 992 terram

347 1039 523 1110 Johannis
539 1036 602 1128 filij
622 1036 768 1107 Andree
794 1037 941 1105 iunioris
959 1057 1005 1104 ex
1023 1042 1125 1126 parte
1142 1030 1285 1104 australi
1304 1056 1350 1104 ex
1367 1043 1471 1126 parte
1488 1033 1603 1103 altera
1619 1055 1688 1124 pro

349 1152 500 1243 quadam
532 1163 630 1220 certa
658 1145 794 1218 summa
827 1147 978 1238 pecunie
1008 1168 1115 1237 quam
1146 1147 1261 1216 (littus
1291 1141 1458 1239 magister
1485 1144 1688 1216 Duncanus

348 1262 436 1331 mibi
459 1301 467 1316 ·
491 1302 499 1316 ·
523 1301 530 1316 ·
555 1257 811 1352 persoluebat·
839 1297 847 1313 ·
875 1298 882 1313 ·
902 1256 1012 1349 Apud
1044 1257 1243 1351 Inueroury
1266 1259 1314 1349 vij
1341 1256 1560 1328 Nouembris
1589 1280 1688 1328 anno

350 1372 496 1443 Domini
515 1391 768 1442 u.eccc.nxvn
784 1410 791 1425 ·
807 1410 814 1425 ·
830 1409 838 1424 ·
852 1365 1016 1438 Tcstibus
1030 1370 1174 1438 domino
1187 1368 1376 1439 Willelmo
1395 1369 1529 1462 Scrogy
1542 1366 1689 1460 presby-

348 1494 427 1556 tero
445 1483 604 1553 ·'l'homa
619 1482 694 1551 filio
712 1481 860 1551 Andree
878 1480 1008 1551 clerico
1022 1520 1030 1536 ·
1045 1479 1233 1551 Willelmo
1252 1482 1297 1551 de
1315 1480 1477 1552 Brakatb
1495 1520 1503 1536 ·
1523 1480 1687 1551 Henrioo

349 1597 422 1666 lilio
440 1595 587 1665 Andree
605 1636 613 1651 ·
632 1593 792 1664 Roberto
819 1592 894 1662 filio
913 1591 1080 1685 Hugonis
1098 1632 1105 1648 ·
1124 1590 1291 1662 Johanne
1308 1593 1382 1661 filio
1401 1592 1548 1662 Andree
1566 1633 1574 1647 ·
1595 1590 1689 1662 Val-

348 1718 427 1779 tero
441 1709 485 1777 de
499 1706 614 1801 Curry
624 1747 632 1762 ·
643 1705 782 1776 Thoma
798 1703 872 1773 filio
885 1704 910 1774 J
912 1703 1062 1774 ohannis
1076 1744 1084 1760 ·
1098 1702 1217 1774 Dauid
1230 1704 1304 1773 filio
1317 1704 1342 1774 J
1344 1705 1494 1774 ohannis
1507 1745 1516 1761 ·
1529 1704 1686 1775 Ricardo

348 1819 422 1890 filio
440 1817 590 1889 Roberti
608 1859 615 1874 ·
635 1828 673 1888 et
689 1816 855 1888 Johanne
873 1815 946 1885 filio
965 1816 1113 1886 Andree
1139 1812 1311 1886 senioris·
1331 1857 1339 1871 ·
1358 1856 1366 1872 ·
1386 1827 1424 1886 et
1442 1816 1590 1887 Andrea
1609 1816 1686 1886 filio

349 1930 500 2002 Roberti
518 1929 678 2001 feriando
697 1970 704 1985 ·

349 2265 459 2338 Carta
475 2265 594 2337 Dauid
614 2261 720 2359 Rolsy
737 2265 782 2335 de
800 2266 914 2335 tribus
932 2266 1117 2356 perticatis
1134 2276 1229 2336 terre
1247 2305 1254 2320 ·

350 2467 486 2562 Dauid
514 2484 620 2580 Rolly
646 2489 691 2559 de
717 2490 843 2559 eodem
863 2532 870 2547 ·
890 2530 897 2545 ·
917 2530 925 2544 ·
945 2488 1133 2559 Noueritis
1159 2511 1218 2558 me
1241 2529 1249 2545 ·
1273 2529 1281 2545 ·
1305 2530 1313 2544 ·
1338 2512 1420 2560 cum
1448 2488 1618 2561 consensu
1648 2504 1687 2562 et

349 2600 484 2675 allenl'u
502 2600 621 2671 Dauid
646 2598 752 2693 Roll'y
770 2599 832 2692 filij
859 2611 897 2671 et
923 2601 1127 2692 apparentis
1152 2600 1293 2671 heredis
1318 2604 1390 2671 mei
1409 2641 1417 2657 ·
1436 2640 1444 2657 ·
1464 2643 1472 2658 ·
1493 2601 1687 2674 vendidille

350 2757 357 2772 ·
377 2755 385 2771 ·
405 2755 412 2771 ·
435 2708 602 2806 magistro
630 2712 805 2784 Duncano
834 2712 997 2805 Lychton
1025 2711 1237 2782 cancellario
1263 2710 1510 2783 Aberdonenfi
1529 2753 1537 2770 ·
1556 2753 1564 2769 ·
1584 2756 1592 2771 ·
1611 2726 1687 2786 tres

349 2829 455 2898 rudae
481 2847 578 2895 meas
604 2820 678 2894 srue
704 2826 896 2917 perticatas
922 2837 1017 2894 terre
1041 2821 1253 2916 subscriptas
1280 2864 1288 2880 ·
1317 2868 1325 2883 ·
1350 2866 1358 2881 ·
1383 2825 1552 2897 videlicet
1577 2849 1687 2897 unam

349 2940 561 3033 perticatam
588 2947 708 3006 terre·
728 2975 736 2992 ·
755 2976 763 2992 ·
783 2938 960 3007 iacentem
987 2938 1023 3005 in
1049 2937 1220 3030 burgagio
1246 2937 1349 3030 burgi
1372 2937 1417 3007 de
1436 2936 1561 3008 Banffe
1586 2941 1623 3008 in
1652 2940 1688 3010 le

351 3050 554 3122 Noulandis
571 3049 663 3118 infra
680 3049 972 3118 vicecomitatum
990 3047 1035 3117 de
1053 3046 1152 3117 Bant'
1173 3049 1267 3117 inter
1284 3059 1417 3118 terram
1440 3049 1546 3121 beate
1565 3048 1689 3143 Virgi-

350 3165 406 3234 nis
425 3162 543 3233 Marie
561 3160 740 3255 wlgariter
766 3169 1008 3252 nuncupatam
1026 3169 1070 3250 pe
1090 3159 1194 3230 Mare
1212 3158 1318 3231 lande
1335 3183 1381 3230 ex
1399 3172 1501 3252 parte
1522 3163 1689 3232 occiden-

350 3275 414 3348 tali
439 3296 485 3345 ex
508 3283 610 3366 parte
628 3295 699 3342 vna
715 3281 752 3341 et
770 3281 902 3342 terram
928 3272 1063 3341 domini
1082 3272 1126 3341 de
1145 3268 1312 3365 Pytssego
1330 3283 1495 3364 exparte
1520 3274 1688 3344 orientali

351 3412 397 3458 ex
415 3397 517 3480 parte
535 3383 648 3456 altera
664 3393 702 3454 et
720 3384 813 3454 viam
840 3384 974 3477 regiam
993 3406 1039 3452 ex
1057 3391 1158 3474 parte
1179 3380 1322 3454 australi
1340 3394 1378 3455 et
1395 3387 1489 3456 viam
1515 3387 1622 3457 maris
1639 3410 1687 3458 ex

351 3500 477 3571 boriali
503 3496 663 3590 partibus
689 3495 734 3565 ab
757 3495 896 3566 altera·
916 3504 953 3563 et
979 3493 1086 3563 aliam
1113 3494 1263 3565 croftam
1290 3518 1406 3566 meam
1425 3536 1434 3552 ·
1452 3536 1460 3552 ·
1480 3536 1488 3552 ·
1508 3499 1687 3569 iacentem

350 3614 443 3684 infra
460 3610 581 3681 villam
600 3607 794 3700 predictam
813 3607 857 3677 de
876 3605 992 3677 Banfe
1018 3629 1063 3676 ex
1089 3617 1191 3698 parte
1208 3608 1373 3679 orientali
1399 3606 1502 3680 castri
1528 3607 1687 3682 eiusdem

351 3726 446 3794 inter
463 3732 594 3792 terram
615 3719 758 3789 Ricardi
778 3718 929 3789 Roberti
948 3729 1113 3811 exparte
1138 3718 1263 3789 boriali
1282 3743 1328 3789 ex
1346 3743 1416 3791 vna
1441 3732 1542 3813 parte
1560 3731 1597 3791 et
1614 3732 1689 3794 ter·

351 3857 427 3906 ram
446 3834 596 3904 Roberti
623 3829 752 3901 Lwffer
777 3853 823 3901 ex
848 3840 950 3923 parte
977 3826 1119 3901 australi
1143 3854 1189 3900 cx
1214 3842 1317 3924 parte
1341 3832 1455 3903 altera
1478 3844 1515 3904 et
1538 3837 1687 3906 terciam

352 3968 468 4016 meam
495 3944 644 4015 croftam
664 3983 672 3999 ·
691 3982 699 3998 ·
719 3983 727 3999 ·
746 3944 922 4013 iacentem
948 3965 1059 4036 prope
1083 3942 1187 4013 littus
1212 3945 1319 4014 maris
1344 3946 1440 4015 inter
1456 3955 1587 4016 terram
1605 3946 1688 4018 Vil-

353 4056 451 4128 lelmi
470 4055 567 4148 Gray
584 4077 630 4124 ex
652 4064 754 4147 parte
780 4050 924 4125 australi
941 4077 988 4124 ex
1005 4076 1076 4124 vna
1092 4064 1130 4124 et
1151 4065 1280 4125 terram
1299 4055 1437 4126 Thome
1463 4056 1687 4131 Soberuinde

352 4191 397 4239 ex
416 4166 539 4237 boriali
557 4166 717 4258 partibus
735 4166 780 4236 ab
797 4166 911 4237 altera
928 4206 935 4221 ·
954 4206 963 4221 ·
982 4206 989 4221 ·
1008 4188 1072 4257 pro
1090 4168 1241 4257 quadam
1259 4165 1397 4238 summa
1413 4171 1565 4261 pecunie
1578 4192 1687 4261 quam

351 4275 532 4373 predictus
558 4271 726 4370 magister
752 4276 949 4348 Dunoanus
973 4315 981 4332 ·
1007 4316 1015 4332 ·
1040 4316 1048 4332 ·
1072 4276 1298 4371 persoluebat
1328 4290 1366 4349 et
1397 4281 1442 4351 de
1469 4281 1686 4372 quaquidem

351 4389 489 4460 summa
506 4398 613 4457 teneo
638 4409 697 4457 me
724 4388 816 4458 bene
841 4397 1078 4459 contentum·
1098 4429 1106 4446 ·
1126 4430 1134 4446 ·
1153 4390 1262 4483 Apud
1289 4390 1496 4462 Manerium
1517 4393 1562 4464 de
1579 4389 1686 4486 Roisy

351 4503 441 4574 xxix
461 4498 590 4590 Mercij
608 4520 702 4568 anno
720 4498 866 4570 Domini
885 4520 1156 4572 u.cccc.nxv111
1172 4538 1181 4556 ·
