4088 5430
354 611 424 678 158
870 597 1175 674 REGISTRUM
1535 601 1688 697 [sucum

354 804 537 875 baroniam
559 839 567 855 ·
589 798 633 869 In
661 798 788 870 rotulis
812 822 895 870 vero
920 807 1168 893 compotomm
1194 795 1413 870 diuersorum
1436 801 1689 873 vicecomitum

356 916 402 985 de
429 913 600 984 Aberden
632 921 670 981 et
701 912 745 982 de
775 910 888 981 Banff
910 911 1131 1004 temporibus
1161 909 1380 982 diuersorum
1413 935 1538 1007 regum
1567 911 1690 985 Scotie

354 1023 555 1120 specialiter
578 1025 617 1093 in
642 1032 809 1116 compoto
827 1022 975 1093 Andreo
997 1023 1043 1093 de
1060 1022 1250 1116 Gamyach
1267 1025 1487 1095 vicecomitis
1510 1025 1556 1096 de
1572 1024 1690 1096 Aber-

356 1139 427 1209 den
444 1138 584 1207 reddito
601 1159 695 1207 anno
710 1134 857 1206 Domini
874 1130 1061 1205 millesimo
1074 1131 1317 1206 ducentefimo
1333 1131 1549 1230 sexagesimo
1561 1146 1689 1228 quarto

356 1247 405 1320 fic
430 1257 651 1342 compertum
671 1243 724 1317 est
742 1246 838 1318 Item
864 1248 901 1317 in
928 1248 1068 1341 integra
1090 1246 1229 1318 decima
1253 1244 1406 1341 episcopi
1424 1244 1689 1319 Aberdonenfis

357 1361 567 1431 deminutis
592 1359 703 1428 firmis
720 1358 837 1430 Ballie
855 1359 900 1428 de
918 1358 1091 1429 Aberden
1109 1358 1154 1428 (16
1171 1358 1234 1428 illo
1255 1382 1349 1429 anno
1375 1358 1475 1452 xlviij
1493 1357 1553 1431 sol.
1572 1368 1611 1431 et
1628 1361 1688 1453 viij

357 1475 427 1544 den
443 1511 451 1528 ·
470 1472 566 1543 Item
591 1494 655 1564 per
681 1470 781 1541 lucra
801 1472 1022 1542 vicecomitis
1048 1479 1169 1563 preter
1194 1471 1368 1542 decimam
1395 1469 1548 1565 episcopi
1572 1471 1690 1544 Aber-

356 1581 519 1656 donenfis
545 1607 615 1676 que
640 1579 692 1653 est
718 1584 842 1677 xxxvij
865 1581 926 1653 sol.
953 1586 991 1654 ix
1012 1583 1092 1653 den.
1120 1594 1158 1653 ct
1183 1583 1239 1653 ob.
1263 1583 1335 1676 xvij
1359 1582 1420 1655 lib.
1442 1585 1493 1676 xij
1512 1586 1591 1655 den.
1614 1588 1688 1658 ob·

356 1697 450 1769 Item
470 1721 533 1790 per
549 1695 648 1766 lucra
664 1691 845 1789 iusticiarij
863 1705 984 1790 preter
1001 1695 1175 1765 decimam
1193 1691 1347 1788 episcopi
1360 1718 1430 1786 que
1443 1694 1496 1767 est
1512 1698 1562 1790 xij
1576 1695 1636 1768 sol.
1650 1708 1690 1771 et

356 1811 415 1902 viij
435 1811 515 1880 den.
537 1829 558 1878 c
581 1817 619 1878 et
642 1808 718 1898 xiiij
737 1805 788 1877 sol
807 1848 814 1864 ·
834 1806 931 1879 Item
956 1809 993 1877 in
1019 1815 1185 1898 compoto
1203 1806 1247 1875 R.
1266 1807 1311 1876 (16
1337 1805 1579 1901 Stratbechyn
1596 1812 1689 1881 vice·

355 1923 496 1994 comitis
519 1922 563 1991 de
580 1918 692 1990 Bauff
711 1920 852 1989 reddito
870 1920 996 1990 eodem
1021 1941 1115 1990 anno
1133 1915 1297 1988 scribitur
1321 1917 1387 1990 hec
1411 1918 1567 1993 clausula
1591 1920 1689 1994 Item

354 2037 392 2106 in
410 2034 556 2104 decimis
577 2026 731 2124 episcopi
748 2025 1015 2102 Aberdonensrs
1032 2030 1077 2100 de
1093 2031 1244 2100 minutis
1261 2030 1371 2101 sirmis
1396 2031 1504 2103 ballie
1521 2034 1566 2105 de
1583 2035 1697 2107 Banff

354 2155 581 2240 preterquam
608 2143 652 2212 de
679 2141 788 2213 Dune
814 2143 859 2212 de
884 2166 955 2234 qua
978 2143 1122 2234 firmarij
1150 2142 1285 2213 debent
1310 2140 1521 2237 respondere
1551 2146 1596 2218 de
1626 2148 1689 2220 illo

355 2281 448 2330 anno
473 2279 549 2325 xxx
566 2250 627 2325 sol.
651 2255 687 2346 xj
708 2254 778 2324 den
796 2294 804 2309 ·
823 2252 919 2324 Item
937 2253 1134 2325 Malcolmo
1156 2254 1201 2324 de
1220 2253 1387 2326 Morauia
1410 2279 1475 2350 per
1490 2260 1545 2346 {¹1²1}
1564 2282 1690 2332 vaccas

353 2365 509 2440 remissas
527 2366 675 2461 Hugoni
694 2366 739 2434 de
758 2364 926 2437 Morauia
950 2374 1071 2458 preter
1088 2366 1263 2437 decimam
1284 2367 1395 2458 xxxvj
1413 2366 1463 2438 sol
1480 2408 1489 2425 ·
1507 2369 1603 2442 Item
1627 2395 1690 2465 per

354 2481 454 2552 lucra
475 2478 695 2549 vicecomitis
720 2487 843 2568 preter
867 2479 1043 2550 decimam
1071 2475 1224 2570 episcopi
1250 2476 1515 2550 Aberdoneniis
1541 2506 1611 2575 que
1636 2481 1690 2555 est

353 2594 390 2686 lij
409 2589 470 2662 sol.
495 2600 533 2661 et
550 2590 609 2680 viij
629 2590 709 2659 den.
734 2590 822 2682 xxiij
841 2590 903 2661 lib.
925 2599 963 2660 et
984 2590 1060 2681 xiiij
1079 2586 1130 2658 sol
1148 2629 1156 2645 ·
1176 2588 1271 2659 Item
1297 2612 1362 2682 per
1385 2591 1485 2664 lucra
1509 2591 1689 2690 iusticiarij

352 2714 474 2799 preter
499 2702 673 2773 decimam
699 2696 852 2793 episcopi
874 2724 944 2794 que
961 2696 1014 2771 est
1030 2701 1080 2793 iiij
1099 2698 1160 2770 sol.
1182 2708 1220 2771 et
1237 2701 1296 2793 viij
1315 2701 1395 2772 den.
1415 2703 1478 2796 xlij
1496 2701 1546 2776 soi
1564 2747 1573 2764 ·
1591 2706 1689 2780 Item

352 2822 390 2890 in
416 2824 582 2908 compoto
610 2813 656 2886 G.
685 2813 729 2882 de
758 2812 947 2885 Malavilla
976 2814 1196 2884 vicecomitis
1225 2813 1269 2883 de
1296 2813 1468 2886 Aberden
1498 2818 1536 2887 in
1562 2821 1689 2892 eodem

351 2928 471 3002 rotulo
501 2923 549 2997 fic
578 2926 732 2997 babetur
758 2923 855 2995 Item
879 2949 943 3019 per
972 2924 1070 2996 lucra
1095 2926 1314 2996 vicecomitis
1340 2934 1502 3021 tempore
1531 2931 1689 3004 eiusdem

353 3041 510 3135 compoti
535 3047 655 3131 preter
680 3037 856 3108 decimam
882 3033 1123 3130 episcopique
1144 3033 1197 3108 est
1221 3039 1272 3130 iiij
1290 3036 1350 3109 sol.
1369 3042 1480 3134 xxxvj
1497 3040 1548 3112 sol
1567 3082 1575 3098 ·
1591 3042 1688 3117 Item

351 3158 389 3226 in
407 3162 574 3245 compoto
588 3148 777 3243 Reginaldi
796 3149 831 3220 le
844 3150 968 3220 Chone
985 3150 1129 3242 firmarij
1148 3150 1193 3220 de
1208 3148 1417 3244 Fermartyn
1436 3155 1577 3225 reddito
1593 3158 1687 3249 apud

351 3267 507 3339 Soonam
534 3264 591 3333 die
609 3262 747 3331 veneris
771 3258 849 3354 post
874 3265 1017 3333 osana
1042 3260 1168 3356 pasche
1194 3285 1289 3333 anno
1313 3260 1500 3335 millesimo
1518 3263 1690 3341 ducente-

351 3375 438 3449 fimo
464 3367 679 3468 sexagesimo
702 3370 804 3442 sexto
828 3368 876 3444 stc
901 3371 1067 3446 scribitur
1090 3374 1186 3446 Item
1212 3376 1248 3444 in
1274 3376 1415 3470 integra
1438 3377 1577 3452 decima
1601 3381 1689 3477 opis-

351 3490 430 3584 copi
455 3480 721 3557 Aberdonensrs
738 3484 783 3554 (16
800 3484 864 3553 illo
881 3508 975 3555 anno
1000 3486 1076 3578 xiiij
1099 3475 1218 3557 marce
1243 3496 1292 3557 et
1307 3487 1453 3560 dimidia
1477 3513 1597 3565 marca
1614 3534 1622 3551 ·
1642 3495 1687 3566 In

351 3600 451 3672 dorso
470 3622 554 3669 vero
580 3593 736 3667 eiusdem
763 3595 872 3666 rotuli
898 3597 934 3666 in
961 3609 1129 3691 compoto
1145 3596 1294 3669 Andree
1319 3600 1364 3669 de
1390 3599 1569 3674 Garuiach
1595 3609 1689 3680 vice·

350 3714 492 3786 comitis
505 3711 550 3780 de
564 3708 736 3779 Aberden
752 3708 893 3778 reddito
907 3710 1034 3780 eodem
1051 3732 1145 3781 anno
1162 3707 1298 3781 scilicet
1314 3708 1503 3783 millesimo
1516 3715 1688 3790 ducente·

349 3822 436 3894 simo
459 3816 676 3915 sexagesimo
699 3816 800 3889 sexto
818 3815 866 3891 fic
883 3814 1047 3892 scribitur
1070 3820 1166 3891 Item
1191 3844 1255 3914 per
1280 3821 1378 3893 lucra
1395 3825 1615 3900 vicecomitis
1642 3831 1687 3903 de

348 3937 411 4006 illo
429 3958 522 4006 anno
540 3942 660 4025 preter
677 3931 853 4002 decimam
873 3929 1025 4027 episcopi
1041 3929 1307 4004 Aberdonenfis
1324 3957 1394 4026 que
1412 3931 1465 4005 est
1481 3942 1606 4035 xxxvij
1624 3939 1686 4014 sol.

349 4057 386 4118 et
404 4047 463 4138 viij
482 4046 562 4115 den.
582 4056 620 4113 et
637 4043 693 4113 ob.
712 4043 761 4135 xij
782 4042 843 4113 lib.
862 4046 900 4115 ix
917 4042 978 4115 sol.
998 4046 1044 4137 vij
1063 4045 1144 4116 den.
1162 4054 1201 4116 et
1218 4045 1289 4115 ob·
1306 4043 1402 4116 Item
1420 4071 1485 4141 per
1501 4050 1571 4122 alia
1588 4051 1687 4127 lucra

349 4157 568 4230 vicecomitis
593 4163 714 4248 preter
739 4154 914 4226 decimam
939 4154 1094 4250 episcopi
1120 4179 1190 4250 qus
1216 4151 1268 4227 est
1284 4157 1334 4249 xij
1353 4155 1415 4228 sol.
1433 4182 1454 4230 c
1472 4171 1511 4232 et
1529 4164 1588 4257 viij
1606 4162 1684 4237 sol·

348 4271 443 4342 Item
462 4291 525 4360 per
542 4266 641 4336 lucra
656 4263 838 4358 iusticiarij
853 4269 898 4338 de
912 4268 974 4357 illo
992 4292 1085 4339 anno
1102 4278 1224 4361 preter
1238 4268 1412 4340 decimam
1431 4272 1514 4344 didti
1532 4276 1684 4373 episcopi

347 4405 416 4475 que
438 4375 492 4449 est
512 4378 561 4469 xij
581 4376 641 4446 lib.
660 4386 697 4446 61
719 4377 807 4469 xviij
825 4376 887 4449 sol.
904 4400 926 4451 c
944 4389 982 4451 et
1004 4381 1064 4473 xvj
1083 4381 1144 4451 lib.
1163 4389 1201 4452 61
1222 4380 1246 4473 ij
1264 4377 1316 4450 sol
1333 4421 1341 4436 ·
1360 4379 1457 4453 Item
1482 4386 1519 4454 in
1545 4388 1685 4485 integra

345 4493 485 4565 decima
505 4486 659 4582 episcopi
677 4486 944 4562 Aberdonenfis
962 4489 1007 4564 de
1024 4491 1086 4563 illo
1104 4514 1197 4563 anno
1214 4490 1315 4583 xlviij
1333 4487 1394 4562 sol.
1413 4503 1452 4565 et
1469 4497 1529 4588 viij
1548 4499 1627 4571 den.
1646 4503 1683 4574 in
