4088 5430
345 602 415 668 aa
868 591 1173 670 sncrsnnun
1524 597 1733 694 [suom

347 805 537 887 ceteraque
554 800 765 865 ornamenta
788 794 833 866 ad
857 788 970 866 diuini
996 795 1116 868 cultus
1140 794 1448 869 honorificentiam
1474 805 1690 891 comparata

347 908 442 977 dicte
454 901 600 977 ecclesie
611 905 807 978 cathedrali
819 904 1015 1000 spedautia
1025 931 1089 1001 per
1104 906 1130 979 J
1131 907 1283 980 acobum
1295 906 1429 979 Forbes
1441 916 1480 980 et
1493 909 1571 979 eius
1585 931 1689 980 com·

347 1018 459 1112 pliees
475 1019 613 1111 pridem
630 1016 753 1089 inuasa
769 1027 807 1090 et
824 1019 869 1090 ad
886 1016 1031 1113 presens
1047 1020 1197 1091 detenta
1214 1020 1321 1091 aliter
1337 1019 1382 1090 ab
1404 1016 1537 1091 eisdem
1554 1020 1688 1092 deten-

348 1130 486 1200 toribus
502 1132 710 1223 necuperari
723 1139 910 1223 nequeunt
928 1133 966 1202 in
982 1154 1154 1226 magnum
1168 1132 1427 1204 detrimentum
1440 1129 1687 1225 dispendium·

348 1264 417 1334 que
443 1242 554 1312 diuini
581 1242 700 1314 cultus
725 1244 818 1314 infra
841 1243 973 1315 didam
990 1239 1176 1315 ecclesiam
1202 1243 1288 1315 licet
1312 1243 1411 1314 idem
1435 1239 1583 1314 diuersis
1601 1243 1687 1338 alijs

348 1354 463 1424 modis
479 1377 544 1447 per
560 1355 714 1425 eundem
731 1356 967 1426 reuerendum
990 1363 1130 1448 patrem
1148 1363 1186 1426 et
1204 1354 1403 1448 capitulum
1421 1353 1685 1428 Aberdonense

348 1466 534 1537 multoties
551 1473 733 1537 tentatum
759 1467 876 1538 fuerat
901 1464 967 1537 nisr
992 1468 1089 1540 idem
1106 1467 1325 1538 reuerendus
1342 1475 1446 1560 pater
1457 1464 1522 1537 sub
1539 1467 1685 1539 utiliori

349 1579 463 1649 forma
478 1577 705 1672 obligationis
722 1574 795 1650 sese
812 1575 985 1674 astringat
1002 1579 1047 1649 ad
1064 1579 1335 1650 concedendum
1352 1579 1470 1650 eidem
1486 1577 1512 1650 J
1512 1579 1626 1650 acobo
1643 1581 1685 1650 in

348 1697 558 1783 perpetuam
583 1687 831 1784 emphiteosim
849 1701 1003 1783 quatuor
1018 1701 1137 1762 aratra
1152 1699 1330 1762 terrarum
1346 1699 1554 1784 nuncupata
1570 1689 1686 1763 Mon·

348 1823 452 1895 garry
468 1802 561 1873 infra
576 1802 796 1895 parrochiam
814 1804 860 1875 de
876 1799 1120 1896 Tulynestyne
1143 1803 1299 1874 iacentia
1316 1801 1374 1873 vel
1388 1802 1458 1873 alia
1474 1803 1545 1873 duo
1562 1810 1686 1875 aratra

349 1922 444 1983 terre
456 1911 670 2005 Baquharne
687 1923 894 2007 nuncupata
903 1937 968 2007 per
984 1915 1165 2006 quondam
1181 1912 1207 1985 J
1208 1935 1362 1986 oannem
1376 1910 1557 1985 Dauisone
1574 1937 1686 1986 occu·

216 2064 219 2072 ·
348 2035 433 2118 pata
445 2026 538 2097 iufra
550 2026 701 2097 eandem
714 2026 936 2119 parrochiam
950 2049 1104 2117 unacum
1117 2026 1196 2120 alijs
1210 2024 1348 2097 duobus
1361 2028 1487 2098 aratris
1503 2035 1684 2098 terrarum

349 2134 617 2229 quibuscunque
643 2139 848 2209 nominibus
878 2135 1091 2210 censeantur
1117 2139 1234 2209 eidem
1263 2138 1461 2209 reuerendo
1485 2138 1579 2230 patri
1600 2147 1685 2210 tan·

349 2271 456 2340 quam
467 2272 548 2342 pars
557 2250 762 2342 patrimonij
775 2250 858 2320 dici
870 2247 923 2321 sui
937 2247 1160 2343 episcopatus
1170 2246 1432 2342 spedantibus·
1446 2248 1584 2320 Verum
1596 2252 1686 2342 qnia

349 2357 491 2452 presens
515 2357 618 2432 causa
642 2362 900 2454 redemptionis
922 2386 964 2434 ac
987 2361 1269 2455 recuperationis
1294 2359 1533 2453 predidarum
1572 2384 1681 2434 erum

350 2475 548 2543 communis
561 2469 630 2544 esse
643 2475 756 2543 totius
768 2473 915 2567 capituli
933 2474 979 2546 ab
992 2474 1158 2544 omnibus
1170 2469 1429 2567 agnoscebatur
1440 2474 1589 2566 prefatis
1602 2498 1685 2568 per·

349 2580 442 2654 sonis
472 2585 669 2678 capitulum
699 2608 763 2678 pro
793 2593 956 2679 tempore
990 2581 1290 2657 constituentibus
1320 2592 1359 2655 et
1392 2586 1589 2679 approbata
1628 2586 1685 2661 est

350 2706 424 2768 tam
450 2698 591 2788 quoad
617 2699 844 2769 commodum
871 2711 977 2790 quam
1003 2698 1272 2769 incommodum
1298 2719 1389 2767 onus
1418 2706 1457 2769 et
1481 2698 1683 2773 honorem·

351 2847 499 2865 ·····
526 2809 589 2880 xix
607 2807 763 2904 Augusti
781 2830 854 2880 sn.
873 2829 1059 2880 unum.

353 3121 478 3220 Carta
506 3147 760 3218 feudifirmaria
792 3154 969 3216 terrarum
1003 3146 1047 3217 de
1082 3144 1311 3239 Euuirquhat
1341 3153 1380 3217 et
1413 3144 1608 3219 Newmore
1644 3160 1685 3222 et

350 3260 514 3329 binarum
544 3261 699 3356 partium
726 3266 901 3331 terrarum
928 3261 973 3331 de
991 3255 1217 3330 Rothtmaise
1234 3281 1318 3329 cum
1344 3257 1381 3351 ly
1407 3255 1684 3332 Derachtbowis

351 3372 397 3441 ab
426 3369 590 3464 episcopo
617 3373 710 3443 sada
735 3368 903 3466 magistro
932 3370 1098 3442 Waltero
1127 3368 1313 3441 Stewarde
1340 3408 1348 3426 ·
1374 3368 1572 3441 Reddendo
1596 3373 1684 3445 inde

351 3484 537 3554 annuatim
551 3484 708 3576 antiquis
718 3479 994 3576 prestationibus
1007 3484 1045 3553 iu
1055 3482 1245 3574 pecuniam
1258 3482 1488 3552 commutatis
1505 3478 1685 3556 summam

353 3596 610 3667 extendentem
628 3598 665 3666 in
691 3603 770 3666 toto
787 3595 831 3665 ad
850 3595 978 3690 viginti
1004 3595 1161 3687 quinque
1187 3593 1295 3664 libras
1322 3592 1525 3683 quindecim
1551 3590 1686 3668 solidos

352 3706 410 3779 sex
429 3709 592 3779 denarios
619 3749 627 3765 ·
654 3707 869 3802 duplicando
897 3707 1027 3778 didam
1056 3703 1229 3776 summam
1254 3705 1291 3773 in
1314 3704 1465 3774 introitu
1492 3702 1685 3780 cuiussibet

351 3821 492 3892 heredis
510 3833 548 3891 et
566 3821 728 3892 faciendo
745 3833 819 3890 tres
836 3815 946 3890 sedas
962 3820 1007 3891 ad
1024 3819 1094 3889 tria
1110 3815 1244 3909 placita
1259 3814 1427 3908 capitalia
1444 3855 1452 3874 ·
1472 3814 1568 3887 Data
1584 3820 1684 3910 apud

353 3932 536 4004 Aberdein
555 3955 628 4004 an.
646 3951 831 4003 nummu.

355 4246 478 4342 Carta
494 4268 747 4339 fondilirmaria
764 4280 939 4338 terrarum
957 4265 1003 4337 de
1019 4262 1303 4359 'l'ulygarmonth
1320 4263 1366 4344 ab
1384 4261 1573 4335 Willelmo
1591 4268 1687 4361 epis·

353 4404 442 4475 copo
459 4383 552 4452 satta
569 4379 778 4451 Alexandro
797 4379 946 4472 Martyu
971 4415 980 4434 ·
1010 4376 1209 4449 Reddendo
1235 4376 1319 4446 iude
1336 4376 1521 4446 aunuatim
1539 4377 1687 4467 quibus·

353 4495 436 4566 dam
461 4493 618 4582 antiquis
650 4487 925 4583 prestationibus
960 4491 997 4560 in
1026 4489 1216 4581 pecuniam
1246 4489 1476 4560 commutatis
1506 4485 1685 4564 summam
