4088 5430
414 620 485 693 278
930 608 1235 682 REGISTRUM
1601 613 1755 708 [sucum

413 814 535 883 reneio
553 811 722 882 Duncani
742 850 750 867 ·
768 809 905 881 Thoma
923 808 1047 880 Ettale
1065 850 1072 865 ·
1092 809 1115 880 J
1118 811 1229 880 acobo
1248 809 1277 878 F
1277 809 1372 882 rai'er
1389 810 1583 902 capellanis
1608 806 1757 881 ecclsiis

414 924 630 996 cathedralis
647 919 915 994 Aberdonenfis
933 964 941 978 ·
960 922 1109 995 Andrea
1127 922 1323 1014 Mengheis
1341 963 1349 978 ·
1369 921 1524 994 Ricardo
1548 923 1593 993 de
1612 921 1758 993 Kentor
1856 972 1861 985 .

415 1032 648 1129 burgenlibus
674 1036 719 1106 de
746 1034 918 1106 Aberden
938 1074 945 1090 ·
968 1043 1006 1105 et
1033 1034 1178 1104 domino
1205 1033 1366 1104 Roberto
1394 1034 1479 1104 Leis
1505 1034 1690 1127 capellano
1717 1045 1756 1104 et

415 1149 554 1218 notario
572 1147 716 1241 publico
735 1188 742 1202 ·

417 1460 649 1576 Preceptum
678 1479 802 1553 saifine
831 1480 989 1553 eiusdem
1021 1481 1223 1551 directum·
1247 1519 1254 1535 ·
1277 1518 1284 1534 ·
1312 1480 1460 1575 Symoni
1489 1481 1692 1554 Banerman
1719 1492 1758 1553 et

416 1595 592 1668 Villelmo
619 1592 842 1690 [Joiannit]
871 1595 974 1666 Rede
997 1595 1099 1664 fratri
1125 1594 1356 1664 concedentis
1375 1634 1383 1650 ·
1403 1592 1514 1685 Apud
1532 1594 1705 1665 Aberdon
1733 1598 1756 1690 ij

416 1710 474 1780 die
492 1706 622 1779 meniis
639 1704 796 1802 Augusti
815 1730 909 1778 anno
928 1706 1075 1776 Domini
1094 1725 1303 1776 u.cccc.uv1
1323 1749 1330 1764 ·

416 2041 542 2116 Safina
558 2041 715 2114 eiusdem
736 2088 742 2102 ·

418 2245 473 2341 In
492 2267 563 2338 Dei
589 2269 734 2338 nomine
752 2267 875 2337 Amen
894 2311 901 2325 ·
922 2310 929 2325 ·
950 2311 957 2326 ·
976 2267 1113 2337 cuneis
1139 2276 1289 2358 pateat·
1310 2311 1317 2324 ·
1338 2310 1345 2324 ·
1365 2266 1460 2356 quod
1478 2289 1571 2336 anno
1595 2268 1760 2339 incarna-

415 2383 525 2467 tionis
543 2378 690 2449 Domini
708 2400 919 2451 moecatur
938 2375 1068 2449 mensus
1082 2402 1167 2448 vero
1181 2374 1336 2471 Augusti
1351 2379 1409 2446 die
1427 2379 1500 2468 iiij·
1522 2421 1529 2435 ·
1549 2421 1556 2435 ·
1571 2376 1593 2447 J
1598 2377 1759 2449 ohannes

417 2489 603 2586 Lyndesay
617 2492 662 2561 de
676 2491 839 2583 Seytoun
857 2503 1067 2584 procurator
1085 2534 1092 2549 ·
1112 2534 1120 2549 ·
1141 2535 1148 2549 ·
1167 2486 1324 2582 magistri
1339 2488 1362 2559 J
1365 2490 1515 2560 ohannis
1529 2490 1574 2560 de
1589 2489 1673 2560 Clat
1693 2534 1700 2549 ·
1721 2535 1729 2549 ·
1750 2535 1758 2550 ·

414 2599 563 2677 safrnam
584 2647 591 2662 ·
617 2645 625 2662 ·
651 2646 658 2661 ·
679 2605 790 2696 annui
807 2605 969 2674 redditus
988 2605 1116 2696 viginti
1133 2602 1325 2672 solidorum
1346 2645 1352 2659 ·
1374 2645 1381 2659 ·
1401 2644 1409 2660 ·
1428 2612 1604 2672 terrarum
1623 2601 1669 2671 do
1686 2601 1759 2673 litii

415 2715 731 2808 Drumquhenuyll
757 2759 765 2776 ·
790 2760 798 2775 ·
827 2760 835 2774 ·
859 2738 923 2808 per
953 2716 1184 2785 traditionem
1208 2716 1313 2784 vuius
1340 2714 1474 2805 denarij
1506 2714 1645 2808 argenti
1675 2758 1683 2773 ·
1712 2759 1720 2772 ·
1750 2759 1758 2774 ·

415 2828 590 2899 tradidit·
612 2870 619 2885 ·
639 2825 771 2919 -super
796 2828 924 2919 quibus
948 2825 1115 2897 omnibus
1134 2870 1141 2885 ·
1161 2871 1169 2886 ·
1189 2870 1197 2885 ·
1215 2827 1375 2920 prefatus
1399 2827 1565 2896 dominus
1592 2848 1760 2919 procura-

415 2949 495 3011 tor·
515 2982 522 2997 ·
543 2939 671 3033 ·petijt
688 2938 873 3031 publicum
893 2982 900 2997 ·
920 2982 928 2997 ·
948 2983 956 2997 ·
974 2937 1252 3009 instrumentum
1268 2983 1276 2998 ·
1293 2984 1300 2998 ·
1316 2983 1323 2996 ·
1338 2938 1433 3009 Ana
1450 2946 1553 3009 erant
1570 2939 1635 3008 hec
1652 2935 1759 3031 super

414 3049 529 3121 solum
554 3051 728 3121 dittarum
753 3060 928 3120 terrarum
956 3051 1000 3120 de
1024 3050 1093 3120 iitil
1117 3049 1432 3143 Drumquhenuyll
1451 3093 1458 3108 ·
1478 3093 1486 3108 ·
1506 3093 1513 3108 ·
1533 3047 1760 3144 presentibus

414 3164 550 3235 ibidem
570 3207 577 3223 ·
598 3206 605 3221 ·
625 3206 633 3221 ·
652 3160 827 3233 Villelmo
846 3159 948 3232 Reda
966 3163 1011 3233 ds
1028 3161 1211 3232 Colistona
1234 3160 1431 3255 supraditto
1451 3206 1458 3220 ·
1479 3161 1635 3234 Patricio
1658 3160 1760 3234 Mar-

417 3275 533 3346 chiale
552 3318 559 3334 ·
579 3285 617 3345 et
635 3273 802 3344 Johanne
821 3273 923 3344 Rede
940 3273 1115 3346 scutiferis
1134 3318 1141 3333 ·

417 3607 650 3680 Confirmatio
669 3608 773 3700 lirper
790 3608 916 3678 eodem
937 3652 944 3666 ·

419 3807 642 3903 Alexander
664 3830 788 3903 Fraser
813 3833 858 3903 dc
884 3830 1046 3903 Filorthe
1072 3857 1114 3904 ac
1140 3835 1306 3904 dominus
1330 3832 1487 3926 luperior
1512 3845 1687 3907 terrarum
1711 3839 1759 3908 de

417 3943 496 4037 lytil
516 3942 830 4036 Drumquhenuyll
854 3988 862 4004 ·
886 3987 894 4003 ·
918 3987 925 4002 ·
949 3942 1080 4017 Sciatis
1107 3968 1166 4015 me
1192 3943 1313 4016 vidisse
1332 3989 1339 4004 ·
1360 3989 1367 4004 ·
1388 3991 1395 4004 ·
1414 3948 1593 4039 quandam
1620 3958 1757 4020 cartam

418 4054 582 4127 Villelmi
601 4054 704 4126 Reda
721 4056 766 4126 de
781 4054 941 4127 Coliston
961 4059 1089 4129 fabam
1109 4057 1303 4129 venerabili
1322 4060 1397 4128 viro
1416 4055 1584 4153 magistro
1597 4059 1756 4132 Johanni

417 4167 499 4238 Clat
518 4210 525 4226 ·
545 4210 553 4227 ·
573 4210 581 4225 ·
599 4168 644 4238 de
662 4190 733 4238 vno
759 4191 878 4239 annuo
904 4171 1049 4241 redditu
1077 4170 1206 4264 viginti
1232 4167 1424 4239 solidorum
1444 4213 1452 4228 ·
1472 4213 1480 4228 ·
1500 4214 1507 4230 ·
1526 4173 1756 4263 percipiendo

417 4280 462 4351 de
480 4277 583 4349 dietis
601 4281 705 4349 terris
723 4280 767 4349 de
785 4279 855 4350 litil
875 4279 1213 4376 Drumquhenuylle
1232 4326 1239 4340 ·
1260 4325 1267 4340 ·
1288 4325 1296 4339 ·
1315 4280 1433 4366 Quam
1452 4283 1598 4373 quidem
1619 4295 1755 4356 cartam

417 4437 424 4450 ·
445 4434 453 4451 ·
473 4435 480 4449 ·
499 4391 669 4461 confimo
688 4433 696 4449 ·
717 4433 724 4448 ·
744 4434 751 4449 ·
770 4391 879 4485 Apud
908 4393 937 4464 F
939 4393 1073 4486 yllorth
1099 4396 1134 4485 iij
1155 4395 1213 4465 die
1238 4389 1369 4464 mensis
1386 4389 1543 4488 Augusti
1568 4418 1663 4468 anno
1681 4395 1756 4467 Do·

415 4528 504 4575 mim
522 4522 731 4575 m.cccc.1.v1
750 4545 758 4559 ·
