4088 5430
394 631 439 700 72
912 610 1218 686 REGISTRUM
1585 608 1736 705 [sucum

396 815 560 914 affignati
586 838 713 888 omnes
741 813 903 885 redditus
932 810 1112 905 predidtos
1140 810 1186 882 ad
1216 805 1317 880 vsnm
1342 805 1583 902 supradibtum
1612 818 1738 881 contra

397 954 523 1003 omnes
547 929 711 1007 homines
736 935 774 998 et
798 925 951 997 feminas
970 921 1289 995 warandiaabimus
1312 920 1597 1014 acquietabimus
1621 930 1660 993 et
1684 924 1739 993 in·

396 1052 612 1138 perpetuum
631 1039 867 1111 defendemus
886 1077 894 1094 ·
913 1035 964 1107 Et
981 1030 1009 1105 fi
1026 1036 1215 1128 contingat
1231 1055 1291 1104 me
1308 1033 1366 1104 vel
1391 1033 1540 1104 heredes
1560 1055 1661 1104 meos
1677 1030 1736 1105 seu

397 1155 563 1249 quemuis
578 1151 692 1225 alium
709 1173 774 1244 per
788 1172 856 1221 nos
873 1146 931 1219 vel
950 1143 1056 1219 causa
1079 1142 1190 1217 nostri
1214 1141 1371 1238 presenti
1389 1144 1573 1216 donationi
1598 1148 1739 1218 contra·

397 1267 524 1339 uenire
552 1265 646 1349 clam
671 1262 730 1333 vel
760 1259 881 1355 palam
906 1259 1016 1331 verbo
1043 1256 1105 1330 seu
1133 1257 1227 1328 fado
1254 1257 1499 1328 contradicere
1523 1258 1620 1350 quod
1647 1255 1739 1330 abiit

399 1378 519 1473 obligo
547 1400 608 1448 me
637 1384 676 1448 et
706 1372 857 1446 heredes
893 1392 993 1442 meos
1023 1371 1060 1440 in
1092 1368 1329 1462 quadraginta
1360 1367 1460 1439 libris
1488 1364 1737 1465 sterlingorum

399 1491 533 1563 fabrice
558 1481 707 1560 ecclefie
732 1487 840 1558 beate
858 1483 979 1555 Maris
995 1479 1197 1576 supradidte
1222 1481 1368 1552 nomine
1388 1503 1480 1573 pene
1497 1477 1740 1575 persoluendis

398 1612 486 1676 ante
511 1622 655 1673 omnem
680 1599 756 1669 litis
781 1592 974 1692 ingressum
999 1596 1038 1664 in
1062 1592 1182 1686 aliquo
1199 1593 1277 1663 foro
1301 1587 1536 1664 ecclesiastico
1553 1594 1611 1664 vel
1636 1614 1741 1665 mun·

398 1717 493 1786 dano
518 1709 676 1807 presenti
702 1709 897 1781 donatione
922 1730 1004 1778 mea
1027 1706 1260 1777 nihilominus
1276 1705 1315 1776 in
1331 1702 1393 1776 suo
1418 1706 1545 1777 robore
1570 1705 1741 1780 duratura

399 1825 501 1897 nullo
535 1821 766 1917 proponendo
801 1815 968 1891 obstante
1000 1856 1010 1873 ·
1040 1816 1243 1889 subiiciens
1277 1815 1420 1910 insuper
1451 1840 1511 1889 me
1544 1826 1583 1889 et
1616 1841 1740 1891 omnes

399 1937 548 2009 heredes
578 1955 678 2007 meos
709 1941 748 2004 et
777 1953 878 2003 meos
908 1925 1100 2024 assignatos
1128 1931 1167 2000 in
1194 1927 1266 2000 fide
1294 1939 1332 2000 et
1361 1931 1562 2002 iuramento
1593 1927 1741 2025 prestito

398 2045 635 2120 iurisdidsioni
664 2050 704 2117 et
733 2043 935 2116 cohertioni
969 2042 1209 2114 archidiaconi
1238 2049 1278 2112 et
1308 2040 1468 2113 officialis
1501 2043 1599 2114 curie
1625 2041 1741 2116 Aber-

397 2156 565 2232 donensrs
593 2159 654 2251 qui
684 2179 749 2250 pro
776 2164 941 2247 temporo
966 2153 1102 2225 fuerint
1125 2165 1165 2225 vt
1194 2176 1259 2246 per
1285 2154 1528 2225 omnimodam
1558 2153 1741 2228 censuram

400 2267 675 2344 ecclesrasticam
702 2263 728 2339 fi
753 2261 893 2338 necesse
920 2265 1029 2337 fuerit
1058 2273 1097 2336 ct
1123 2288 1184 2337 me
1211 2273 1249 2336 et
1277 2265 1427 2337 heredes
1452 2288 1552 2338 meos
1579 2277 1618 2339 et
1642 2291 1741 2340 meos

399 2380 592 2479 assignatos
608 2374 740 2475 poffint
757 2376 975 2472 compellere
992 2378 1037 2449 ad
1054 2399 1185 2470 penam
1202 2374 1474 2470 persoluendam
1490 2387 1530 2450 et
1546 2380 1741 2473 predidtam

399 2498 633 2568 donationem
646 2493 783 2563 firmius
801 2487 1058 2561 obseruandam
1073 2530 1082 2547 ·
1095 2488 1140 2561 In
1154 2510 1305 2581 quorum
1319 2492 1481 2561 omnium
1497 2487 1741 2564 testimonium

397 2608 626 2702 presentibus
648 2600 805 2699 sigillum
830 2624 952 2673 meum
977 2599 1125 2695 apposui
1142 2610 1181 2672 et
1198 2602 1243 2673 ad
1268 2604 1440 2673 maiorem
1466 2603 1686 2676 euidentiam
1704 2613 1742 2676 et

401 2720 630 2819 securitatem
659 2713 765 2809 super
797 2708 971 2808 premissis
1000 2713 1173 2785 faciendis
1207 2707 1364 2808 sigillum
1397 2717 1667 2788 communitatis
1697 2718 1742 2789 de
1820 2716 1823 2721 ’

402 2831 574 2904 Aberden
593 2853 663 2902 vna
683 2852 767 2901 cum
784 2823 909 2921 sigillis
934 2834 1023 2897 tunc
1048 2823 1265 2896 balliuorum
1290 2822 1447 2897 eiusdem
1465 2829 1520 2921 vi3
1535 2865 1544 2884 ·
1562 2826 1740 2901 Willelmi
1787 2873 1789 2876 <

402 2946 449 3015 de
466 2943 573 3036 Rynd
591 2982 599 3000 ·
619 2940 787 3035 Hugonis
812 2939 857 3009 de
884 2936 1062 3012 Galbrath
1080 2975 1089 2994 ·
1107 2946 1146 3008 et
1169 2935 1315 3009 Ricardi
1342 2937 1387 3008 de
1410 2937 1584 3034 Bothuyll
1602 2976 1610 2996 ·
1626 2943 1743 3036 gratia

403 3052 597 3147 testimonij
627 3053 673 3124 ad
702 3046 909 3122 instantiam
942 3071 1060 3121 meam
1095 3046 1320 3142 presentibus
1352 3051 1483 3144 apponi
1517 3056 1704 3144 procuraui
1734 3091 1742 3105 ·
1814 3037 1817 3044 ’

402 3164 568 3241 Testibns
579 3164 697 3237 David
715 3163 760 3233 de
772 3158 936 3255 Fyngalk
950 3168 1039 3233 tunc
1053 3159 1277 3232 aldirmanno
1291 3161 1336 3232 de
1348 3159 1521 3233 Aberden
1532 3203 1541 3219 ·
1554 3161 1743 3236 Willolmo

404 3281 449 3351 de
462 3276 637 3350 Strabrok
650 3313 659 3332 ·
673 3273 821 3346 Simone
836 3269 1034 3346 Gelschach
1048 3308 1057 3327 ·
1070 3269 1259 3342 Willelmo
1273 3271 1318 3343 de
1331 3271 1533 3367 Aberlefdy
1545 3311 1554 3330 ·
1566 3273 1684 3348 David
1698 3277 1743 3347 de

344 3404 355 3426 ⁶
404 3390 498 3483 Foty
514 3428 523 3449 ·
541 3388 703 3460 Roberto
728 3387 773 3456 do
797 3383 988 3477 Edynham
1006 3422 1015 3441 ·
1033 3382 1201 3457 Johanne
1228 3381 1372 3480 Spryng
1389 3424 1398 3442 ·
1417 3385 1526 3456 Petro
1547 3385 1741 3484 Keniedy·

405 3500 603 3576 Malcolmo
630 3498 726 3572 dieto
744 3495 902 3589 Wrycbt
919 3536 928 3552 ·
948 3506 986 3565 et
1010 3494 1138 3567 multis
1162 3494 1241 3568 aliis
1258 3528 1269 3555 ο
1286 3496 1425 3569 Datum
1450 3497 1545 3591 apud
1571 3497 1742 3572 Aberden

405 3615 617 3686 duodecimo
634 3613 692 3684 die
709 3604 840 3681 mensus
858 3606 1082 3700 Septembris
1099 3630 1203 3680 >anno
1228 3610 1343 3704 gratie
1359 3605 1548 3682 millesimo
1566 3620 1744 3685 trecente-

406 3723 492 3797 fimo
510 3718 951 3819 quadragesimosecundo
969 3760 977 3776 ·

406 4063 517 4136 Carta
533 4064 626 4156 regis
645 4060 762 4134 David
781 4059 826 4129 de
843 4057 1006 4129 secundis
1023 4058 1172 4130 decimis
1189 4099 1198 4117 ·

408 4262 544 4360 David
563 4282 632 4355 Dei
660 4284 776 4376 gratia
800 4305 864 4354 rex
891 4281 1102 4355 Scottorum
1118 4280 1256 4354 Thema
1281 4282 1326 4355 de
1349 4284 1507 4356 Carnoto
1532 4286 1744 4360 cancellario

407 4397 469 4472 suo
487 4397 610 4470 Scotie
627 4392 780 4465 salutem
798 4392 901 4466 ·Tibi
918 4395 1135 4488 precipimus
1153 4407 1191 4466 et
1207 4394 1419 4467 mandamus
1435 4398 1606 4489 quatinus
1623 4398 1745 4472 literas

409 4506 669 4590 testimoniales
693 4502 758 4577 sub
778 4528 909 4600 magno
926 4500 1041 4600 sigillo
1066 4500 1186 4580 nostro
1202 4504 1280 4583 fieri
1297 4505 1405 4579 facias
1430 4511 1629 4582 reuerendo
1652 4514 1745 4605 patri
