4088 5430
352 616 452 710 xva]
818 617 1220 692 Annnnouuusu.
1615 627 1681 691 411

353 905 477 1002 Carta
494 929 710 1000 venditionis
731 929 906 1001 Willelmi
930 929 1049 1025 Cryne
1074 931 1168 1001 facta
1184 927 1352 1025 magistro
1369 930 1578 1003 Alexandro
1596 931 1683 1003 Gal·

351 1042 465 1134 loway
492 1043 618 1111 rectori
636 1065 657 1112 a
675 1041 838 1135 Kynkoll
865 1042 911 1113 de
936 1044 1041 1115 terris
1068 1038 1139 1113 suis
1154 1043 1194 1112 iu
1211 1041 1308 1136 Futy
1331 1045 1496 1114 tenendis
1513 1045 1551 1114 in
1569 1042 1681 1114 libero

352 1154 549 1248 burgagio·
568 1152 664 1224 Data
680 1155 774 1246 apud
792 1154 987 1227 Aberdene
1004 1154 1077 1246 xvij
1095 1153 1183 1245 Julij
1203 1175 1274 1224 nn.
1293 1175 1532 1225 mraxxxvn.

354 1459 647 1563 Instrumentum
689 1494 944 1586 recognitionis
978 1503 1015 1562 et
1050 1491 1316 1584 approbationis
1359 1490 1462 1588 sigilli
1499 1492 1680 1565 Willelmi

350 1602 470 1695 Gryno
487 1600 631 1695 appenfi
657 1614 754 1676 carte
779 1604 1005 1675 alienationis
1032 1604 1123 1674 fatte
1149 1599 1315 1697 magistro
1332 1604 1542 1677 Alexandro
1559 1604 1682 1677 Gallo-

351 1736 429 1806 way
452 1716 497 1785 do
514 1725 551 1786 et
568 1714 672 1808 super
698 1718 802 1788 terris
826 1714 896 1786 suis
921 1717 959 1785 in
986 1713 1082 1806 Futy
1099 1753 1107 1770 ·
1127 1712 1276 1786 Fadium
1303 1718 1339 1809 xj
1358 1716 1582 1811 Septembris
1607 1740 1679 1789 nn.

351 1848 588 1898 nr.n.xxxv11.

352 2137 476 2237 Carta
493 2164 690 2236 Alexandri
710 2163 858 2257 Spittall
876 2164 1100 2257 prebendarij
1119 2164 1163 2235 de
1181 2164 1282 2236 Clatt
1302 2166 1395 2237 faita
1407 2162 1575 2237 consensu
1593 2165 1682 2258 epis-

350 2277 429 2368 copi
441 2285 478 2345 ot
495 2277 643 2369 capituli
669 2278 808 2369 vicarijs
826 2285 863 2347 ct
881 2274 1075 2368 capellanis
1100 2275 1198 2347 chori
1215 2279 1260 2348 de
1286 2301 1405 2349 annuo
1430 2279 1572 2350 redditu
1595 2282 1680 2372 xxvj

350 2386 542 2459 solidorum
570 2401 607 2461 et
637 2391 696 2482 viij
727 2389 952 2459 denariorum
976 2387 1129 2459 leuando
1159 2388 1205 2459 de
1234 2387 1354 2461 manso
1385 2392 1616 2461 canonicatus
1643 2402 1680 2461 et

349 2501 529 2593 prebende
564 2502 609 2573 de
639 2502 739 2573 Clatt
774 2501 932 2570 tenendo
971 2502 1009 2569 in
1043 2509 1255 2592 perpetuam
1284 2497 1512 2573 elemosinam
1540 2540 1548 2557 ·
1579 2501 1682 2573 Gele-

350 2611 484 2683 brando
502 2615 586 2685 inde
598 2609 878 2686 anniuersarium
895 2614 932 2682 iu
950 2607 1102 2683 crastino
1116 2610 1239 2683 Sancti
1257 2612 1394 2683 Moloci
1407 2608 1610 2683 confelloris
1622 2636 1683 2707 pa·

350 2725 445 2793 troni
463 2725 508 2794 de
525 2724 626 2796 Clatt
644 2746 725 2796 cum
744 2745 998 2817 campanarum
1023 2719 1126 2815 pulsu
1144 2746 1226 2794 oum
1244 2723 1402 2795 candelis
1424 2726 1536 2795 cereis
1554 2726 1683 2796 decen-

351 2835 448 2905 tibus
479 2833 583 2929 super
610 2837 713 2909 altari
748 2847 786 2907 et
815 2833 969 2907 scabello
995 2857 1059 2927 per
1089 2835 1201 2906 dictos
1232 2835 1434 2928 capellanos
1467 2844 1505 2906 et
1533 2838 1681 2909 vicarios

351 2944 423 3016 suis
440 2945 639 3040 sumptibus
656 2945 884 3019 inuenicndis
910 2988 918 3003 ·
945 2945 1056 3040 Apud
1073 2945 1268 3017 Aberdeeu
1287 2949 1348 3041 xxj
1367 2947 1590 3019 Nouembris
1607 2970 1680 3018 nn.

351 3080 578 3131 1111111111.

354 3368 585 3491 preceptum
613 3394 723 3469 sosine
741 3397 897 3468 eiusdem
915 3397 1025 3469 annui
1041 3394 1205 3468 redditus
1225 3394 1349 3465 datum
1372 3396 1466 3488 apud
1488 3394 1682 3467 Aberdoen

352 3512 478 3581 eodem
496 3512 554 3579 die
572 3548 580 3565 ·

353 3817 553 3940 Obligatio
580 3845 790 3916 vicariorum
817 3843 861 3915 de
886 3842 1086 3936 supradicto
1113 3841 1353 3915 anniuersario
1379 3842 1592 3915 celebrando
1619 3866 1683 3936 pro

351 3963 486 4032 rectore
529 3958 574 4027 de
608 3955 709 4027 Clatt
743 3992 752 4013 ·
787 3954 885 4026 Data
926 3955 1021 4046 apud
1065 3949 1240 4026 Aberdon
1282 3978 1331 4025 xx
1367 3954 1578 4027 Decembris
1610 3976 1683 4026 nn.

351 4088 581 4142 or.n.xxxv11.

353 4385 647 4481 Instrumentum
678 4398 789 4474 safine
816 4399 920 4497 super
949 4405 1111 4498 predicto
1138 4425 1257 4474 annuo
1282 4402 1424 4473 redditu
1449 4400 1582 4474 faama
1600 4406 1686 4474 xxiv

352 4518 563 4591 Decembris
581 4538 653 4587 nn.
671 4535 898 4588 n.n.xxxv11.
