4088 5430
405 627 474 700 170
921 605 1227 681 REGISTRUM
1589 602 1744 700 [secum

405 816 525 889 Marie
557 813 749 908 genetricis
777 808 848 880 Dei
877 807 994 901 sepius
1026 814 1225 878 memorate
1254 828 1349 876 anno
1378 804 1528 876 Domini
1558 800 1747 874 millesimo

405 922 657 1001 trecentesimo
675 915 889 1017 ottogesimo
907 928 1034 1011 quarto
1051 959 1059 975 ·

408 1265 550 1336 Littera
578 1262 788 1332 libertatum
816 1253 971 1350 episcopi
994 1265 1032 1326 et
1060 1249 1208 1326 ecclesie
1233 1250 1501 1325 Aberdonensis
1526 1256 1563 1326 in
1591 1253 1677 1324 villa
1702 1254 1746 1323 de

408 1375 581 1448 Aberden
599 1414 607 1430 ·

409 1576 605 1674 Robertus
623 1595 692 1666 Dei
717 1595 833 1688 gratia
857 1615 921 1663 rex
948 1589 1157 1662 Scottorum
1183 1589 1407 1663 aldirmanno
1432 1592 1575 1664 balliuis
1592 1600 1630 1663 et
1652 1615 1749 1664 com-

408 1711 578 1784 munitati
607 1710 652 1779 de
679 1706 873 1778 Aberdene
903 1701 1055 1775 salutem
1081 1743 1089 1760 ·
1113 1702 1207 1773 Cum
1237 1700 1386 1776 ecclesia
1413 1700 1680 1775 Aberdonensrs
1710 1715 1748 1774 et

409 1823 562 1918 episcopi
576 1822 637 1913 qui
654 1820 801 1890 suerunt
817 1841 880 1911 pro
899 1827 1061 1909 tempore
1079 1838 1125 1886 ex
1142 1814 1331 1911 largitione
1349 1825 1388 1886 et
1405 1812 1626 1888 concessione
1640 1815 1749 1887 deuo·

409 1949 527 2008 torum
547 1932 627 2004 Deo
652 1932 856 2025 principum
881 1949 1007 2023 regum
1024 1927 1148 1998 Scotie
1172 1925 1455 2020 predecessorum
1479 1925 1680 2000 nostrorum
1698 1924 1748 1998 vsi

409 2049 543 2120 fuerint
566 2047 674 2117 certis
699 2041 927 2114 libertatibus
952 2038 1121 2110 franchiis
1146 2040 1360 2136 preuelegiis
1377 2050 1415 2112 et
1432 2037 1750 2112 consuetudinibus

409 2172 484 2233 tarn
510 2163 547 2230 in
573 2157 663 2229 mari
688 2165 795 2250 portu
817 2175 925 2246 quam
952 2153 1111 2222 interra
1137 2152 1230 2223 insra
1256 2153 1410 2247 burgum
1429 2154 1474 2224 de
1490 2151 1685 2225 Aberdene
1712 2163 1749 2224 et

408 2285 514 2344 extra
530 2270 683 2342 emendo
701 2266 889 2338 vendendo
911 2258 1099 2334 sissedando
1117 2262 1243 2335 etalio
1267 2265 1385 2336 multa
1401 2265 1602 2336 exercendo
1619 2288 1641 2336 a
1658 2275 1750 2336 tem-

409 2409 495 2479 pore
514 2394 552 2455 et
568 2405 633 2476 per
658 2392 802 2473 tempus
819 2378 864 2448 de
881 2378 984 2447 cuius
1009 2376 1113 2446 initio
1136 2377 1309 2446 memoria
1332 2376 1520 2447 hominum
1537 2400 1610 2448 non
1627 2373 1750 2449 existit

410 2497 556 2590 pacifice
570 2503 609 2565 et
622 2494 744 2585 quiete
756 2514 799 2562 ac
812 2487 1024 2559 venerabilis
1037 2498 1139 2580 pater
1152 2486 1272 2559 Adam
1286 2486 1470 2581 episcopus
1482 2485 1750 2560 Aberdonensis

410 2609 603 2679 modernus
631 2603 695 2674 suo
723 2603 834 2673 etiam
865 2610 1027 2692 tempore
1057 2595 1188 2669 eisdem
1218 2599 1447 2671 libertatibus
1476 2610 1515 2672 et
1544 2602 1750 2697 preuilegiis

411 2720 579 2792 franchiis
597 2725 635 2788 et
652 2711 969 2787 consuetudinibus
983 2709 1064 2782 vsus
1081 2712 1190 2782 fuerit
1204 2753 1213 2770 ·
1227 2735 1290 2784 vos
1308 2723 1429 2785 tamen
1447 2723 1488 2785 vt
1505 2714 1751 2787 intelleximus

411 2830 526 2925 ipsum
546 2828 786 2901 reuerendum
809 2834 950 2920 patrem
967 2825 1159 2916 quominus
1182 2819 1264 2917 ipsis
1281 2824 1509 2897 libertatibus
1526 2827 1694 2899 franchiis
1712 2837 1751 2899 et

411 2940 729 3016 consuetudinibus
758 2938 905 3033 pacifice
933 2936 1090 3032 gaudere
1117 2935 1237 3007 valeat
1266 2938 1425 3008 nitimini
1452 2949 1490 3009 et
1519 2942 1750 3011 cominamini

412 3057 623 3149 perturbare
639 3061 678 3123 et
699 3051 874 3145 impedire
899 3051 937 3120 in
963 3045 1110 3120 ecclesie
1128 3046 1394 3120 Aberdonensis
1412 3059 1450 3121 et
1466 3046 1571 3121 suum
1595 3053 1752 3144 preiudi-

412 3171 508 3240 cium
526 3190 599 3238 non
617 3166 799 3236 modicum
817 3172 856 3232 et
872 3184 1067 3256 grauamen
1083 3199 1092 3216 ·
1109 3182 1219 3253 quare
1236 3160 1337 3231 vobis
1361 3162 1578 3255 precipimus
1595 3172 1634 3235 et
1650 3186 1751 3235 man·

413 3283 539 3352 damus
556 3287 734 3371 quatenus
751 3274 796 3346 ab
811 3269 1014 3345 huiusmodi
1040 3272 1378 3344 comminationibus
1404 3270 1539 3346 nisibus
1556 3285 1594 3347 et
1611 3286 1751 3368 pertur-

413 3390 618 3464 bationibus
635 3384 774 3460 cessetis
791 3386 937 3455 omnino
955 3384 1000 3455 de
1016 3393 1138 3455 cetero
1155 3392 1193 3454 et
1210 3383 1325 3478 ipsum
1345 3388 1585 3457 reuerendum
1610 3398 1750 3481 patrem

414 3512 453 3574 et
469 3500 568 3574 suam
595 3494 781 3572 ecclesiam
806 3493 919 3566 solitis
944 3493 1172 3566 libertatibus
1189 3495 1357 3567 franchiis
1374 3506 1413 3568 et
1433 3496 1751 3572 consuetudinibus

413 3614 570 3708 gaudere
587 3612 700 3683 libere
717 3609 935 3703 permittatis
951 3630 1035 3677 cnm
1051 3602 1124 3700 ipse
1137 3606 1263 3679 offerat
1280 3606 1316 3678 se
1333 3618 1498 3701 paratum
1511 3634 1631 3683 coram
1648 3614 1751 3684 nobis

416 3726 516 3797 vobis
534 3726 579 3796 ds
596 3721 736 3795 iusticia
760 3716 972 3815 respondere
997 3718 1121 3791 taliter
1140 3719 1314 3790 facientes
1331 3721 1427 3812 quod
1453 3723 1537 3793 inde
1562 3720 1751 3817 superbiis

416 3838 462 3908 de
478 3845 599 3908 cetero
625 3831 754 3907 iustam
780 3831 1048 3925 queremoniam
1072 3854 1145 3902 non
1171 3832 1358 3902 audiamus
1375 3869 1383 3887 ·
1401 3831 1539 3904 Datum
1557 3832 1621 3906 sub
1639 3830 1750 3931 sigillo

416 3944 534 4020 nostro
552 3947 686 4019 secreto
711 3947 749 4016 in
775 3941 926 4016 concilio
950 3937 1070 4013 nostro
1094 3951 1199 4013 tento
1225 3943 1320 4037 apud
1346 3942 1530 4040 Striuelyn
1549 3946 1676 4019 vltimo
1694 3948 1752 4019 die

416 4055 547 4131 mensis
565 4057 749 4151 Februarij
766 4078 861 4129 anno
877 4056 979 4150 regni
996 4050 1105 4124 nostri
1123 4055 1249 4146 quinto
1267 4056 1406 4127 decimo
1423 4095 1431 4111 ·
