4088 5430
346 625 416 694 356
861 620 1165 695 REGISTRUM
1528 622 1686 718 [secum

534 2128 777 2201 RENTALE
805 2129 1152 2204 EPISCOPATUS
1178 2175 1186 2189 ·
1214 2130 1310 2203 Α.Ι).
1330 2130 1508 2203 M.D.XI.

351 2644 525 2740 Secunde
543 2667 682 2738 decime
699 2667 875 2737 ordinarie
893 2663 1042 2738 ecclesie
1056 2664 1296 2738 Abirdonenfi
1310 2668 1533 2760 pertinentes
1551 2669 1596 2756 de
1614 2677 1690 2738 ter-

349 2785 397 2852 ris
414 2795 452 2852 et
477 2774 741 2875 poffeffionibus
758 2775 990 2872 infrascriptis
1007 2802 1078 2872 que
1095 2788 1257 2873 tempore
1275 2779 1499 2850 fundacionis
1516 2780 1610 2850 diere
1629 2803 1690 2850 ee-

350 2890 454 2966 elesre
471 2917 535 2987 per
552 2892 731 2985 quondam
749 2886 1001 2962 seniiiffimum
1017 2913 1140 2987 regem
1160 2890 1278 2962 Dauid
1297 2891 1528 2984 pertineb'ant
1544 2893 1581 2960 in
1606 2913 1690 2984 pro·

348 3009 503 3100 prietate
522 3008 617 3074 inter
633 3026 742 3095 aquas
760 3005 804 3074 de
823 3001 902 3074 Dee
919 3012 957 3074 ei
968 3002 1065 3098 Spey
1082 3013 1120 3075 et
1138 3005 1410 3074 vicecomitatus
1428 3002 1473 3073 de
1491 3001 1690 3074 Aberdene

351 3129 388 3191 et
406 3117 518 3190 Banff
529 3116 739 3209 Sequuntur
756 3157 763 3171 ·

748 3438 790 3508 In
810 3439 986 3509 decanatu
1005 3439 1050 3508 de
1068 3437 1287 3509 Aberdene·

351 3669 492 3762 Burgus
510 3668 554 3737 de
572 3665 766 3736 Aberdene
1066 3661 1236 3733 Brandnn
1313 3716 1320 3730 .
1424 3717 1432 3732 .
1565 3664 1637 3755 viij·
1657 3668 1688 3736 §-

611 3779 683 3869 xxj·
703 3777 763 3846 lib·
783 3777 828 3869 vj·
846 3778 874 3845 ἔ·
894 3776 965 3867 viij·
982 3772 1016 3845 ti·
1067 3772 1226 3867 Perselly
1314 3828 1321 3843 .
1425 3830 1432 3844 .
1565 3777 1638 3868 viij·
1658 3780 1688 3848 ἔ·

353 3892 724 3984 Banquhorydevny.
826 3943 833 3957 .
934 3910 968 3957 x·
987 3889 1015 3958 ἔ·
1066 3886 1244 3980 Balheluy
1262 3886 1414 3978 Berelay

350 4001 549 4074 Auehmuil
602 4056 609 4070 .
711 4056 718 4070 .
788 4025 822 4071 x·
841 4003 869 4072 ἔ·
888 3999 957 4090 viij·
975 3995 1010 4068 ἃ·
1291 4000 1326 4090 ij·
1346 3997 1407 4069 lib·
1427 4001 1501 4093 xiij·
1521 4002 1547 4069 ἔ·
1566 4001 1627 4093 iiij·
1647 4000 1685 4072 d.

350 4112 562 4188 Crabistoun
710 4168 717 4182 .
792 4137 825 4183 x·
842 4113 870 4182 ἔ·
888 4111 959 4203 viij·
978 4108 1014 4182 d·
1067 4109 1382 4202 Baiheluyssowel
1401 4113 1497 4204 xxvj·
1516 4113 1630 4204 eviij·
1650 4111 1686 4185 d.

351 4225 584 4319 Monyeabok
738 4226 824 4317 xiiij·
843 4227 871 4296 ἔ·
890 4225 962 4317 viij·
981 4221 1016 4295 d·
1069 4222 1245 4315 Balmady
1345 4276 1352 4291 .
1422 4225 1493 4315 viij·
1511 4226 1539 4294 ἔ·
1560 4226 1633 4317 viij·
1652 4224 1687 4296 d·

351 4338 597 4430 Stanywod.
699 4338 820 4429 ,xxvj·
837 4338 865 4406 §-
886 4338 955 4429 viij·
973 4333 1009 4407 d·
1772 4330 1777 4339 ’

620 4449 770 4520 Summa
785 4449 892 4519 huius
910 4449 1104 4520 decanatus
1122 4469 1208 4517 xxx·
1228 4447 1289 4516 lib·
1308 4448 1369 4538 iiij·
1387 4448 1413 4516 ἔ·
