4088 5430
351 608 421 684 eoo
866 602 1170 676 nunlsuuuiu
1539 603 1696 700 [sicum
1801 608 1807 618 ·

352 807 458 876 domo
482 805 602 875 iacent
619 827 665 874 ex
683 802 848 874 orientali
874 812 976 895 parte
1001 800 1160 874 eiusdem
1185 803 1289 897 burgi
1315 805 1412 875 inter
1429 811 1560 874 terram
1580 826 1696 895 quon-

354 920 436 989 dam
463 915 643 987 Willelmi
673 915 736 1009 filij
764 914 892 987 Jacobi
923 936 969 985 ex
997 924 1148 1006 vtraque
1181 923 1284 1008 parte
1313 923 1390 987 tam
1420 914 1553 986 boreali
1583 938 1697 1007 quam

353 1026 498 1102 australi
516 1037 555 1099 et
572 1051 642 1099 vna
664 1029 840 1121 perticata
866 1036 962 1098 terre
987 1027 1132 1099 arabilis
1149 1050 1232 1098 cum
1250 1028 1399 1098 dimidio
1425 1030 1519 1100 iacet
1536 1050 1582 1098 ex
1600 1030 1696 1098 occi·

354 1141 490 1212 dentali
515 1148 618 1233 parto
636 1136 794 1211 eiusdem
811 1141 918 1234 burgi
943 1141 1040 1210 inter
1056 1150 1188 1210 terram
1207 1139 1231 1210 J
1233 1141 1384 1211 ohannis
1400 1141 1464 1232 filij
1484 1139 1628 1212 Valteri
1646 1163 1695 1211 ex

353 1261 503 1345 utraque
533 1262 635 1345 parto
661 1265 736 1322 tam
762 1248 907 1323 australi
937 1273 1043 1343 quam
1072 1241 1207 1322 boreali
1233 1263 1272 1323 et
1294 1275 1365 1323 vna
1391 1254 1568 1346 perticata
1597 1263 1696 1323 terre

353 1363 495 1435 arabilis
512 1365 606 1435 iacet
624 1386 670 1433 ex
687 1363 902 1434 occidentali
928 1371 1032 1456 parte
1050 1360 1209 1434 eiusdem
1227 1363 1331 1459 burgi
1349 1366 1445 1436 inter
1461 1374 1593 1436 terram
1612 1363 1698 1437 Vil-

353 1476 453 1547 lelmi
471 1476 516 1546 dc
533 1475 707 1547 Brak'ath
727 1499 773 1546 ex
791 1484 942 1567 vtraque
967 1483 1070 1568 parto
1096 1483 1171 1545 tam
1197 1476 1331 1547 borcali
1349 1499 1457 1567 quam
1482 1472 1627 1547 australi
1653 1485 1695 1547 et

355 1588 424 1658 due
451 1589 626 1680 perticata
655 1610 738 1659 cum
765 1588 934 1691 dimedio·
948 1588 1067 1657 iacent
1090 1610 1136 1657 ex
1162 1589 1377 1660 occidentali
1403 1596 1506 1683 parte
1533 1585 1695 1659 eiusdem

355 1700 458 1794 burgi
485 1723 567 1771 cum
594 1709 807 1771 tenemento
831 1701 869 1769 in
895 1722 966 1791 quo
989 1699 1151 1769 inhabito
1177 1702 1273 1771 inter
1297 1713 1431 1773 terram
1448 1701 1624 1772 Johannia
1647 1702 1696 1771 de

355 1811 547 1883 Badenach
573 1834 619 1882 cx
645 1820 747 1904 parte
772 1811 906 1883 boreali
933 1834 978 1883 ex
1005 1822 1107 1903 parte
1125 1834 1195 1882 vna
1220 1822 1257 1883 et
1283 1821 1415 1884 terram
1433 1812 1608 1883 Jobannis
1628 1812 1695 1906 filij

353 1924 502 1995 Andreo
524 1947 571 1995 ex
597 1934 699 2016 parto
725 1919 869 1994 australi
896 1947 941 1994 ex
967 1934 1070 2016 parte
1094 1923 1209 1995 altera
1234 1934 1272 1995 ot
1294 1933 1370 1996 tres
1394 1925 1571 2017 perticate
1596 1936 1695 1996 terre

354 2036 496 2107 arabilis
514 2037 632 2107 iacent
646 2059 692 2106 ex
706 2035 872 2106 orientali
889 2043 991 2127 parte
1005 2034 1164 2106 eiusdem
1181 2036 1285 2130 burgi
1303 2038 1399 2107 inter
1411 2047 1543 2107 terram
1557 2036 1581 2107 J
1584 2037 1695 2107 ohan·
1814 2048 1817 2053 “

354 2149 409 2219 nis
434 2147 497 2238 filij
516 2146 661 2219 Valteri
679 2158 845 2240 exparte
871 2145 1006 2217 boreali
1032 2169 1078 2217 ex
1104 2157 1207 2241 parte
1224 2171 1295 2219 vna
1314 2160 1352 2219 et
1375 2156 1509 2219 terrain
1526 2148 1695 2220 Villelmi

352 2258 416 2350 filij
435 2257 584 2330 Andree
601 2281 647 2328 ex
665 2268 766 2350 parte
784 2254 927 2329 australi
945 2281 991 2328 ex
1009 2267 1111 2351 parte
1128 2259 1243 2330 altera
1261 2303 1268 2320 ·
1287 2301 1296 2317 ·
1315 2301 1323 2317 ·
1343 2260 1388 2331 iu
1405 2262 1507 2332 cuius
1524 2263 1575 2331 rei
1594 2259 1696 2332 testi-

353 2371 514 2441 monium
536 2364 691 2463 figillum
714 2391 836 2440 meum
853 2370 937 2441 huic
954 2368 1109 2463 presenti
1127 2381 1226 2443 carte
1243 2394 1323 2443 mee
1341 2369 1393 2443 est
1410 2368 1605 2465 appensum
1624 2396 1696 2447 vna

353 2505 435 2553 cum
462 2479 576 2576 sigillo
602 2482 785 2552 communi
811 2482 895 2551 diui
921 2482 1026 2576 burgi
1053 2483 1098 2554 de
1116 2481 1555 2577 Inuerowry·'1'estibus·
1573 2525 1581 2542 ·
1601 2525 1609 2541 ·
1628 2484 1695 2555 Jo-

352 2595 472 2666 banne
488 2593 564 2664 filio
581 2592 729 2663 Andree
747 2589 897 2663 seniori·
911 2592 1079 2665 Jobanne
1096 2595 1170 2665 filio
1189 2595 1333 2668 Valteri
1349 2634 1357 2652 ·
1371 2597 1510 2667 Tboma
1526 2597 1692 2669 Clerico·

352 2705 376 2775 J
378 2706 520 2777 ohanne
539 2705 583 2775 do
601 2704 794 2776 Badenach
813 2743 821 2760 ·
840 2703 1016 2775 Villelmo
1034 2706 1080 2777 de
1097 2706 1286 2778 Brakantb
1304 2744 1313 2764 ·
1331 2707 1494 2779 Roberto
1518 2707 1593 2779 lilio
1611 2708 1694 2780 Hu-

350 2820 453 2912 gonis
470 2855 478 2872 ·
496 2817 663 2888 Jobanne
689 2817 763 2886 filio
781 2816 929 2887 Andree
955 2818 1111 2888 iuniori·
1129 2817 1282 2891 Valtero
1308 2818 1413 2890 Curri
1431 2858 1441 2879 ·
1460 2820 1620 2891 Robcrto
1647 2824 1694 2894 de

352 2928 539 3001 Brakantb
556 2965 565 2984 ·
584 2928 704 3000 Dauid
732 2927 807 2998 filio
833 2927 1010 2999 Johannia
1028 2969 1036 2986 ·
1056 2929 1210 3001 Ricardo
1235 2931 1310 3001 lilio
1337 2930 1488 3003 Roberti
1507 2971 1516 2989 ·
1535 2930 1694 3004 Ricardo

352 3037 502 3113 Scilsore
516 3080 524 3098 ·
537 3039 698 3112 Henrico
715 3039 790 3110 filio
804 3039 952 3110 Andree
966 3062 1036 3110 vno
1055 3040 1269 3112 balliuorum
1285 3043 1371 3113 dicti
1389 3043 1492 3137 burgi
1510 3055 1548 3114 et
1565 3044 1693 3117 datore

349 3147 462 3224 safine
479 3152 573 3222 dicto
590 3147 759 3246 magistro
777 3149 931 3222 Ricardo
950 3152 996 3223 de
1014 3153 1173 3247 predi8c0
1199 3177 1318 3225 annuo
1344 3154 1488 3227 redditu
1505 3178 1588 3226 cum
1611 3179 1693 3249 per·

350 3263 515 3358 tinentijs
533 3272 572 3334 et
588 3261 738 3334 Andrea
754 3260 828 3332 filio
847 3260 998 3334 Roberti
1015 3262 1176 3335 feriando
1194 3303 1203 3325 ·

352 3575 646 3674 instrumentum
668 3594 779 3669 safine
797 3596 943 3670 Ricardi
960 3599 1095 3671 Forbec
1112 3601 1237 3672 decani
1263 3601 1367 3695 super
1392 3604 1518 3675 eodem
1545 3606 1690 3678 redditu

260 3706 264 3711 ’
352 3725 461 3805 atque
478 3707 725 3806 refiguationis
751 3707 908 3780 eiusdem
927 3712 963 3780 in
983 3711 1141 3783 fauorem
1168 3710 1316 3786 ecclesie
1341 3716 1555 3788 cathedralia
1572 3717 1692 3792 Aber-

352 3819 517 3896 donensra
533 3862 542 3878 ·
561 3821 605 3892 In
629 3821 716 3893 villa
741 3821 786 3892 de
809 3820 1016 3916 Inuerowry
1033 3825 1096 3916 xiij
1115 3824 1216 3919 Junij
1235 3848 1269 3896 A.
1284 3847 1319 3896 n.
1339 3847 1578 3900 u.cccc.nxv1
1606 3872 1615 3887 ·
1642 3874 1651 3888 ·
1681 3874 1690 3890 ·

351 3931 515 4008 'Postibus
540 3934 674 4006 ibidem
699 3929 867 4028 magistro
885 3933 1073 4006 Willelmo
1092 3934 1241 4008 Forbess
1258 3939 1389 4009 vicario
1413 3940 1458 4011 de
1475 3939 1689 4039 Edinburgb

351 4045 425 4118 lilio
442 4046 643 4117 Alexandri
661 4045 794 4117 Forbes
821 4046 866 4117 do
891 4047 1018 4117 eodem
1041 4047 1167 4118 militis
1183 4085 1192 4104 ·
1211 4048 1400 4120 Willelmo
1419 4050 1555 4146 Scrogy
1571 4055 1692 4147 capel.

313 4154 315 4159 ’
351 4158 435 4231 lano
460 4166 584 4228 curato
602 4158 646 4228 de
664 4156 872 4251 Inuerowry
888 4193 897 4214 ο
914 4157 1090 4229 Duncano
1109 4157 1189 4229 Red
1210 4160 1421 4254 capellano·
1439 4161 1464 4234 J
1466 4165 1576 4235 acobo
1595 4164 1693 4237 Pan·

349 4282 414 4344 ton
440 4267 512 4338 lilio
531 4266 711 4339 Willelmi
738 4268 881 4340 Panton
907 4270 952 4342 de
975 4270 1112 4342 Futbas
1130 4310 1138 4327 ·
1157 4271 1324 4344 Jobanne
1342 4273 1500 4346 Walteri
1526 4275 1692 4350 Roberto

349 4379 517 4476 Hugonis
534 4386 573 4449 et
589 4377 727 4450 Thoma
744 4380 819 4451 filio
837 4379 985 4454 Andree
1002 4383 1133 4454 clerico
1158 4384 1369 4475 parrochiali
1387 4396 1426 4457 et
1444 4386 1573 4459 clerico
1589 4400 1693 4462 rotu-

348 4495 463 4567 larum
481 4489 565 4562 dici
583 4489 711 4585 burgi·
