4088 5430
425 622 470 687 18
942 611 1248 687 REGISTRUM
1613 614 1766 710 [secum

422 813 594 884 Aberden
609 820 647 883 et
661 813 705 884 de
717 810 831 883 Banff
840 808 1015 883 salutem·
1031 808 1163 907 [Quia]
1185 809 1440 883 Intelleximus
1452 820 1592 905 patrem
1606 810 1765 886 nostrum

423 921 554 997 dedisse
568 926 712 997 domino
724 924 835 997 Petro
849 922 1013 1019 episcopo
1024 919 1273 995 Aberdonenfi
1288 932 1326 995 et
1339 919 1486 995 ecclefie
1500 921 1658 996 eiusdem
1672 927 1766 998 deci-

422 1060 500 1109 mas
513 1037 558 1108 de
571 1037 738 1108 omnibus
751 1037 864 1108 firmis
881 1037 1133 1130 thanagiorum
1146 1033 1347 1107 nostrorum
1361 1044 1399 1107 et
1413 1037 1570 1108 exitibus
1587 1039 1765 1109 curiarum

423 1144 623 1221 nostrarum
635 1148 870 1220 ·Mandamus
881 1149 982 1220 vobis
993 1156 1031 1219 et
1044 1149 1260 1241 precipimus
1271 1149 1439 1240 quatinus
1451 1150 1611 1241 preditto
1623 1151 1766 1222 domino

424 1258 599 1354 Episcopo
609 1269 649 1332 et
659 1262 736 1332 eius
746 1256 998 1333 succelloribus
1009 1260 1054 1332 de
1064 1261 1231 1354 predidis
1242 1261 1389 1332 decimis
1400 1257 1603 1354 responderi
1613 1262 1766 1335 faciatis·

425 1371 562 1444 Datum
580 1373 675 1466 apud
693 1371 915 1468 Edynburgh
933 1371 1007 1466 ἰίἱ]ω
1024 1373 1104 1445 idus
1122 1372 1212 1466 Maij
1232 1396 1326 1444 anno
1343 1373 1445 1467 regni
1462 1369 1572 1444 nostri
1589 1375 1737 1466 quinto·

424 1709 534 1780 Carta
558 1711 723 1780 exituum
749 1710 928 1781 curiarum
954 1711 1047 1804 regis
1065 1719 1103 1780 et
1120 1710 1166 1780 de
1183 1709 1262 1781 aliis
1285 1705 1356 1780 suis
1380 1703 1646 1801 poffeffionibus
1671 1714 1767 1782 inter

424 1844 534 1914 aquas
551 1822 596 1893 de
615 1822 694 1893 Dee
712 1830 750 1893 et
768 1821 863 1916 Spee
881 1863 889 1878 ·

423 2022 647 2119 Alexander
668 2047 737 2119 Dei
763 2048 878 2141 gratia
903 2069 968 2116 rex
992 2044 1200 2117 Scottorum
1227 2045 1394 2116 omnibus
1418 2046 1538 2138 probis
1562 2047 1766 2120 hominibus

424 2161 536 2231 totius
566 2169 661 2230 terre
690 2157 752 2229 sue
782 2158 920 2229 clericis
950 2165 989 2229 et
1019 2156 1119 2229 laicis
1147 2153 1298 2229 salutem
1325 2198 1333 2214 ·
1362 2156 1488 2229 Sciant
1516 2155 1698 2252 presentes
1727 2170 1767 2231 et

423 2273 534 2343 futuri
553 2293 618 2342 nos
635 2267 767 2342 dedisse
784 2264 984 2341 conceffllse
1002 2279 1041 2340 et
1057 2270 1124 2341 hac
1141 2277 1240 2340 carta
1257 2266 1377 2340 nostra
1394 2266 1612 2342 confirmalle
1630 2270 1710 2342 Deo
1728 2274 1766 2344 et

424 2385 530 2456 beate
549 2382 668 2453 Maria
691 2391 730 2453 et
754 2382 861 2454 beato
880 2382 1068 2454 Machorio
1086 2389 1125 2452 et
1143 2380 1297 2452 Ricardo
1315 2380 1448 2452 Poiton
1469 2378 1632 2476 episcopo
1649 2383 1766 2456 Aber-

424 2492 569 2567 donenfi
595 2516 719 2566 omnes
744 2493 824 2566 illas
850 2495 1063 2566 donationes
1080 2501 1118 2566 et
1140 2492 1326 2565 libertates
1351 2502 1464 2565 terras
1482 2502 1520 2565 et
1537 2490 1702 2568 ecelesias
1727 2506 1767 2568 et

423 2631 559 2680 annuas
571 2604 758 2702 panlionea
772 2615 810 2678 et
823 2608 979 2679 decimas
993 2606 1200 2677 reddituum
1213 2601 1414 2676 nostrorum
1428 2618 1501 2678 tam
1515 2607 1766 2703 thanagiorum

423 2743 530 2812 quam
547 2720 741 2813 burgorum
754 2727 793 2790 et
805 2720 967 2790 omnium
985 2727 1161 2790 terrarum
1179 2714 1379 2790 nostrarum
1393 2726 1431 2789 et
1448 2718 1655 2790 reddituum
1671 2722 1768 2793 inter

424 2831 511 2902 duas
525 2853 633 2924 aquas
644 2854 714 2923 que
727 2828 806 2902 Dee
820 2839 858 2901 et
872 2828 968 2924 Spee
979 2831 1149 2902 dicuntur
1159 2838 1197 2901 et
1208 2831 1527 2902 vicecomitatuum
1540 2831 1584 2902 de
1594 2830 1767 2905 Aberden

423 2950 461 3012 et
479 2943 524 3013 de
541 2941 654 3014 Banff
664 2979 673 2997 ·
690 2965 774 3014 cum
795 2943 934 3014 decima
960 2940 1179 3016 escaetarum
1204 2942 1331 3013 finium
1348 2951 1387 3014 et
1404 2943 1563 3014 exitibus
1588 2946 1766 3016 curiarum

423 3051 621 3126 nostrarum
629 3050 827 3148 justiciarie
838 3057 1031 3126 camerarie
1042 3064 1081 3127 et
1091 3057 1409 3127 vicecomitatuum
1419 3056 1766 3141 eomndem·Quare
1848 3045 1854 3057 ⁹

424 3168 524 3239 vobis
540 3168 756 3261 precipimus
773 3176 812 3238 et
829 3168 1040 3239 mandamus
1066 3170 1234 3261 quatinus
1260 3165 1357 3239 didio
1375 3166 1530 3239 Ricardo
1547 3166 1710 3263 episcopo
1727 3181 1767 3242 et

424 3283 501 3353 eius
517 3276 770 3352 sucoefforibus
787 3281 832 3350 de
848 3279 1015 3372 predidis
1033 3282 1137 3351 terris
1156 3275 1422 3373 poileffionibus
1438 3283 1567 3352 annuis
1592 3277 1768 3375 pensioni·

424 3394 490 3464 bus
506 3417 647 3465 necnon
665 3394 710 3464 de
728 3393 875 3464 decimis
901 3392 1108 3463 reddituum
1126 3389 1327 3463 nostrorum
1348 3388 1568 3464 escaetarum
1585 3402 1623 3464 et
1639 3394 1764 3466 finium

424 3509 602 3578 curiarum
619 3501 819 3577 nostrarum
836 3507 933 3575 inter
945 3503 1059 3577 didtas
1072 3505 1160 3576 duas
1177 3527 1287 3596 aquas
1300 3526 1371 3596 que
1384 3503 1464 3576 Dee
1478 3513 1516 3576 et
1529 3505 1625 3599 Spee
1642 3507 1766 3579 dieun-

425 3628 485 3688 tur
501 3628 539 3688 et
556 3619 874 3690 vicecomitatuum
892 3617 937 3689 de
955 3616 1128 3687 Aberden
1146 3625 1184 3686 et
1202 3616 1247 3687 de
1262 3614 1375 3686 Banff
1385 3612 1587 3710 responderi
1604 3618 1764 3690 faciatis·

425 3727 563 3800 Datum
580 3731 675 3824 apud
693 3728 870 3824 Kyngom
889 3729 1029 3801 decimo
1047 3729 1106 3799 die
1124 3726 1215 3821 Maij
1234 3751 1328 3799 anno
1345 3730 1446 3823 regni
1463 3726 1573 3800 nostri
1589 3727 1764 3823 septimo·

425 4064 534 4137 Bulla
566 4067 753 4137 erebionis
782 4068 994 4138 vicariatum
1028 4072 1282 4159 perpetuarum
1317 4059 1545 4136 ecclesiarum
1575 4065 1696 4136 abbati
1727 4078 1765 4137 et

424 4179 620 4249 conuentui
650 4178 695 4247 de
721 4177 891 4249 Aabroth
917 4180 1098 4249 vnitarum
1127 4177 1220 4247 infra
1249 4170 1416 4248 diocefim
1446 4175 1764 4250 Abberdonensem

424 4312 506 4360 cunr
524 4290 671 4360 decimis
691 4290 885 4360 earundem
904 4330 912 4346 ·

331 4570 338 4582 .
424 4490 646 4586 Alexander
670 4509 853 4605 episeopus
878 4509 1001 4585 seruus
1025 4510 1207 4585 seruorum
1232 4510 1302 4584 Dei
1325 4512 1463 4584 diledtis
1479 4512 1563 4585 filiis
1579 4514 1704 4598 abbati
1726 4522 1764 4584 et
