4088 5430
345 639 416 711 268
860 624 1165 703 REGISTRUM
1529 627 1685 723 [sncunr

346 836 560 908 fundatum·
575 872 583 889 ·
600 872 607 889 ·
622 832 660 902 in
672 832 845 902 honorem
858 825 968 901 santii
982 825 1133 898 Niniani
1150 822 1355 898 confessoris
1371 820 1514 921 gloriosi
1532 828 1570 898 in
1582 840 1689 922 parte

346 946 481 1019 boreali
498 947 544 1017 de
565 943 601 1014 le
617 943 725 1014 north
748 940 874 1014 tuffalo
898 935 1069 1010 srtuatum
1087 977 1095 994 ·
1112 975 1120 994 ·
1138 976 1146 993 ·
1164 948 1203 1010 et
1227 935 1306 1032 post
1330 935 1462 1009 ostium
1487 940 1624 1012 boriale
1649 944 1689 1012 in

348 1059 441 1129 dieo
465 1056 500 1128 le
523 1054 627 1127 tuffal
644 1054 740 1147 quod
756 1052 869 1125 altare
887 1049 1019 1124 eisdem
1044 1050 1237 1144 capellanis
1261 1073 1326 1145 pro
1352 1060 1527 1144 perpetuo
1552 1053 1688 1124 ibidem

349 1169 581 1241 celebraturis
607 1162 820 1261 affignamus
849 1204 857 1221 ·
884 1204 892 1221 ·
920 1203 929 1219 ·
956 1172 994 1235 et
1020 1159 1217 1235 custodiam
1244 1172 1538 1235 ornamentorum
1564 1163 1689 1237 altaris

347 1281 496 1376 predidti
518 1280 583 1373 eijs
606 1278 868 1351 committimus
887 1315 895 1332 ·
914 1315 923 1331 ·
941 1312 949 1329 ·
967 1272 1119 1367 Insuper
1135 1275 1219 1367 qnia
1236 1274 1399 1346 dedimus
1416 1312 1424 1330 ·
1494 1276 1689 1369 capellanis

349 1403 388 1464 et
418 1391 556 1484 vicanjs
587 1431 595 1448 ·
622 1431 630 1448 ·
658 1429 666 1446 ·
698 1412 762 1482 pro
792 1388 932 1459 duobus
961 1382 1210 1479 anniuersarijs
1244 1389 1432 1458 annuatim
1463 1387 1690 1459 celebrandis

350 1505 586 1599 quadraginta
607 1501 736 1573 solidos
753 1540 762 1557 ·
781 1538 789 1555 ·
807 1535 815 1554 ·
832 1507 940 1593 prout
962 1499 1001 1568 iu
1023 1497 1235 1570 fundatione
1262 1498 1370 1570 latius
1396 1501 1629 1570 continetur·
1648 1541 1657 1556 ·
1680 1540 1688 1556 ·

350 1617 548 1687 volumus·
574 1653 581 1673 ·
608 1652 615 1672 ·
640 1615 734 1706 quod
766 1609 839 1706 ipse
865 1611 1030 1681 dominus
1053 1609 1237 1682 Johannes
1262 1621 1301 1682 et
1329 1611 1505 1704 capellani
1531 1615 1568 1681 in
1595 1612 1690 1684 dista

350 1727 548 1820 capellania
573 1726 618 1797 de
642 1721 816 1797 Vestbale
841 1720 1052 1794 deseruituri
1080 1723 1346 1816 imperpetuum
1375 1723 1690 1816 proportionaliter

349 1840 506 1911 babeant
532 1848 570 1909 et
595 1838 795 1931 percipiant
824 1845 964 1929 partem
989 1829 1279 1905 distributionum
1302 1834 1622 1907 anniuersariorum
1649 1850 1690 1907 et

350 1951 560 2022 trentalium
587 1948 780 2043 capellanis
805 1957 844 2019 et
868 1947 1009 2039 vicarijs
1034 1947 1132 2017 ebori
1151 1986 1159 2003 ·
1178 1986 1187 2003 ·
1206 1985 1214 2003 ·
1233 1948 1320 2017 dum
1346 1958 1469 2019 tamen
1493 1950 1531 2018 in
1554 1947 1626 2019 illis
1649 1951 1688 2019 in

349 2063 476 2135 habitu
493 2062 637 2133 decenti
662 2056 896 2153 personaliter
918 2053 1085 2129 interfiat
1101 2059 1139 2128 in
1157 2059 1265 2130 choro
1290 2058 1383 2130 disce
1404 2056 1552 2132 ecclesre
1568 2056 1689 2131 nostre

349 2173 563 2246 cathedralis
577 2214 585 2228 ·
600 2171 711 2265 Apud
729 2172 916 2242 canoniam
935 2171 980 2241 de
998 2169 1170 2241 Aberdon
1188 2194 1238 2242 xx
1256 2171 1315 2242 die
1331 2167 1462 2243 mensrs
1476 2171 1688 2245 Decembris

349 2308 443 2357 anno
462 2284 610 2355 Domini
628 2302 863 2353 noceamv-

350 2510 428 2604 Ego
447 2507 628 2579 Henrious
646 2505 730 2601 Hay
746 2504 948 2578 subscribo·

351 2621 429 2716 Ego
448 2619 646 2691 Duncanus
665 2617 854 2712 Lycbtone
872 2617 1105 2690 cancellarius
1122 2615 1325 2690 subscribo·

352 2733 429 2829 Ego
448 2731 630 2803 Henricus
648 2729 777 2823 Rynde
795 2726 1032 2801 thesaurarius
1049 2728 1252 2802 subscribo·

351 2845 430 2940 Ego
447 2843 607 2915 Jacobus
625 2837 812 2935 Lyndesay
829 2842 1098 2913 archidiaconus
1115 2838 1292 2913 subscribo
1310 2882 1318 2898 ·

350 2958 428 3052 Ego
447 2954 622 3027 Valterus
640 2952 836 3024 Foulertou
855 2949 1032 3025 subscribo
1050 2994 1058 3008 ·

350 3069 429 3164 Ego
458 3065 644 3137 Johannes
675 3067 720 3136 de
749 3064 887 3158 Campo
918 3066 1175 3157 prebendarius
1205 3067 1250 3137 de
1279 3064 1407 3137 Tomos
1436 3065 1617 3138 consentio
1649 3085 1688 3140 et

349 3179 714 3387 glsslcsggoJohannes
741 3290 786 3359 de
808 3288 894 3360 Clat
923 3290 1115 3360 canonicus
1144 3286 1409 3359 Aberdonensrs
1439 3290 1620 3362 consentio
1649 3306 1688 3364 et

349 3403 685 3612 1lstbslsgrlsoJacobus
712 3513 867 3584 Stewart
894 3513 1148 3606 prebendarius
1175 3512 1220 3582 de
1248 3512 1417 3584 Rothven
1443 3512 1624 3586 consentio
1648 3530 1686 3586 ot

349 3627 827 3835 1lstblssgsssllomasliidnaym
841 3736 1095 3830 prebendarius
1106 3736 1151 3806 de
1157 3734 1240 3807 Clat
1251 3733 1433 3807 consentio
1444 3748 1482 3808 et
1493 3735 1686 3811 subscribo·

352 3851 402 3922 Et
419 3851 498 3946 Ego
515 3850 689 3923 Valterus
708 3848 804 3942 Ydyl
823 3848 1006 3919 consentio
1023 3859 1062 3920 et
1079 3844 1255 3919 subscribo
1275 3890 1282 3905 ·
1373 3904 1376 3909 .

353 4187 553 4259 Concordia
568 4183 675 4279 super
689 4181 928 4280 resignatione
944 4187 1054 4256 tertie
1069 4187 1182 4280 partis
1199 4187 1244 4256 de
1263 4181 1414 4256 Vestbal
1432 4223 1439 4240 ·

353 4388 408 4485 ln
427 4408 497 4480 Dei
515 4411 659 4479 nomine
677 4409 799 4479 Amen
826 4451 833 4466 ·
862 4451 869 4466 ·
899 4410 1057 4482 -Pateat
1085 4451 1092 4466 ·
1121 4450 1129 4467 ·
1156 4452 1164 4466 ·
1192 4411 1287 4502 qnod
1313 4431 1408 4479 anuo
1434 4413 1688 4484 incarnationis

352 4522 543 4597 Dominice
573 4539 781 4591 n.cccc.u1v
810 4519 940 4593 mentis
967 4546 1050 4593 vero
1081 4522 1305 4616 Septembris
1333 4522 1390 4592 die
1415 4544 1466 4591 xx
1493 4524 1687 4596 indiscione
