<?xml version="1.0" encoding="UTF-8"?>
<!DOCTYPE html PUBLIC "-//W3C//DTD XHTML 1.0 Transitional//EN"
    "http://www.w3.org/TR/xhtml1/DTD/xhtml1-transitional.dtd">
<html xmlns="http://www.w3.org/1999/xhtml" xml:lang="en" lang="en">
 <head>
  <title>
</title>
<meta http-equiv="Content-Type" content="text/html;charset=utf-8" />
  <meta name='ocr-system' content='tesseract 3.04.00' />
  <meta name='ocr-capabilities' content='ocr_page ocr_carea ocr_par ocr_line ocrx_word'/>
</head>
<body>
  <div class='ocr_page' id='page_1' title='image "./registrumepisco01innegoog_0146.png"; bbox 0 0 4088 5430; ppageno 0'>
   <div class='ocr_carea' id='block_1_1' title="bbox 420 574 1756 694">
    <p class='ocr_par' dir='ltr' id='par_1_1' title="bbox 420 574 1756 694">
     <span class='ocr_line' id='line_1_1' title="bbox 420 574 1756 694; baseline 0.001 -25"><span class='ocrx_word' id='word_1_1' title='bbox 420 607 464 671; x_wconf 74' lang='lat' dir='ltr'>ia</span> <span class='ocrx_word' id='word_1_2' title='bbox 910 574 1214 671; x_wconf 79' lang='lat' dir='ltr'><strong>REGISTRUM</strong></span> <span class='ocrx_word' id='word_1_3' title='bbox 1603 598 1756 694; x_wconf 75' lang='lat' dir='ltr'>[sacnti</span> 
     </span>
    </p>
   </div>
   <div class='ocr_carea' id='block_1_2' title="bbox 417 795 1757 1003">
    <p class='ocr_par' dir='ltr' id='par_1_2' title="bbox 417 795 1757 1003">
     <span class='ocr_line' id='line_1_2' title="bbox 417 795 1757 890; baseline -0.001 -22"><span class='ocrx_word' id='word_1_4' title='bbox 417 797 597 870; x_wconf 87' lang='lat' dir='ltr'>Tatenhill</span> <span class='ocrx_word' id='word_1_5' title='bbox 616 837 623 852; x_wconf 92' lang='lat'><strong>·</strong></span> <span class='ocrx_word' id='word_1_6' title='bbox 645 796 833 867; x_wconf 91' lang='lat' dir='ltr'>Willelmo</span> <span class='ocrx_word' id='word_1_7' title='bbox 859 797 904 867; x_wconf 91' lang='lat' dir='ltr'>de</span> <span class='ocrx_word' id='word_1_8' title='bbox 929 795 1057 868; x_wconf 85' lang='lat' dir='ltr'>Slanes</span> <span class='ocrx_word' id='word_1_9' title='bbox 1083 795 1201 867; x_wconf 91' lang='lat' dir='ltr'>milite</span> <span class='ocrx_word' id='word_1_10' title='bbox 1217 834 1225 851; x_wconf 93' lang='lat'><strong>·</strong></span> <span class='ocrx_word' id='word_1_11' title='bbox 1244 795 1420 869; x_wconf 89' lang='lat' dir='ltr'>Duncano</span> <span class='ocrx_word' id='word_1_12' title='bbox 1448 795 1618 890; x_wconf 82' lang='lat' dir='ltr'>Makfety</span> <span class='ocrx_word' id='word_1_13' title='bbox 1636 836 1643 852; x_wconf 91' lang='lat'><strong>·</strong></span> <span class='ocrx_word' id='word_1_14' title='bbox 1662 797 1757 868; x_wconf 93' lang='lat' dir='ltr'>Wil-</span> 
     </span>
     <span class='ocr_line' id='line_1_3' title="bbox 418 906 1313 1003; baseline 0.001 -25"><span class='ocrx_word' id='word_1_15' title='bbox 418 909 525 980; x_wconf 85' lang='lat' dir='ltr'>lelmo</span> <span class='ocrx_word' id='word_1_16' title='bbox 542 908 616 979; x_wconf 92' lang='lat' dir='ltr'>filio</span> <span class='ocrx_word' id='word_1_17' title='bbox 634 907 800 1003; x_wconf 84' lang='lat' dir='ltr'>Hngonis</span> <span class='ocrx_word' id='word_1_18' title='bbox 817 944 825 962; x_wconf 94' lang='lat'><strong>·</strong></span> <span class='ocrx_word' id='word_1_19' title='bbox 844 906 1009 980; x_wconf 88' lang='lat' dir='ltr'>Gilberto</span> <span class='ocrx_word' id='word_1_20' title='bbox 1027 908 1101 978; x_wconf 87' lang='lat' dir='ltr'>lilio</span> <span class='ocrx_word' id='word_1_21' title='bbox 1119 908 1313 1001; x_wconf 73' lang='lat' dir='ltr'>Gogelini·</span> 
     </span>
    </p>
   </div>
   <div class='ocr_carea' id='block_1_3' title="bbox 418 1200 1298 1360">
    <p class='ocr_par' dir='ltr' id='par_1_3' title="bbox 418 1200 1298 1360">
     <span class='ocr_line' id='line_1_4' title="bbox 418 1200 1298 1360; baseline -0.002 -43"><span class='ocrx_word' id='word_1_22' title='bbox 418 1245 528 1317; x_wconf 87' lang='lat' dir='ltr'>Carta</span> <span class='ocrx_word' id='word_1_23' title='bbox 545 1245 722 1316; x_wconf 88' lang='lat' dir='ltr'>Willelmi</span> <span class='ocrx_word' id='word_1_24' title='bbox 743 1245 853 1340; x_wconf 84' lang='lat' dir='ltr'>Regis</span> <span class='ocrx_word' id='word_1_25' title='bbox 870 1242 975 1337; x_wconf 90' lang='lat' dir='ltr'>super</span> <span class='ocrx_word' id='word_1_26' title='bbox 991 1246 1095 1360; x_wconf 80' lang='lat' dir='ltr'>terris</span> <span class='ocrx_word' id='word_1_27' title='bbox 1113 1200 1158 1316; x_wconf 85' lang='lat' dir='ltr'>de</span> <span class='ocrx_word' id='word_1_28' title='bbox 1174 1240 1281 1315; x_wconf 84' lang='lat' dir='ltr'>Brals</span> <span class='ocrx_word' id='word_1_29' title='bbox 1290 1283 1298 1301; x_wconf 94' lang='lat'><strong>·</strong></span> 
     </span>
    </p>
   </div>
   <div class='ocr_carea' id='block_1_4' title="bbox 413 1446 1756 4590">
    <p class='ocr_par' dir='ltr' id='par_1_4' title="bbox 413 1446 1756 4590">
     <span class='ocr_line' id='line_1_5' title="bbox 418 1446 1756 1563; baseline 0.003 -22"><span class='ocrx_word' id='word_1_30' title='bbox 418 1446 639 1542; x_wconf 88' lang='lat' dir='ltr'>Willelmus</span> <span class='ocrx_word' id='word_1_31' title='bbox 658 1469 728 1540; x_wconf 92' lang='lat' dir='ltr'>Dei</span> <span class='ocrx_word' id='word_1_32' title='bbox 753 1470 870 1563; x_wconf 82' lang='lat' dir='ltr'>gratia</span> <span class='ocrx_word' id='word_1_33' title='bbox 893 1492 958 1540; x_wconf 84' lang='lat' dir='ltr'>rex</span> <span class='ocrx_word' id='word_1_34' title='bbox 984 1467 1193 1539; x_wconf 83' lang='lat' dir='ltr'>Scottorum</span> <span class='ocrx_word' id='word_1_35' title='bbox 1218 1469 1385 1541; x_wconf 88' lang='lat' dir='ltr'>omnibus</span> <span class='ocrx_word' id='word_1_36' title='bbox 1409 1470 1529 1563; x_wconf 85' lang='lat' dir='ltr'>probis</span> <span class='ocrx_word' id='word_1_37' title='bbox 1552 1470 1756 1545; x_wconf 90' lang='lat' dir='ltr'>hominibus</span> 
     </span>
     <span class='ocr_line' id='line_1_6' title="bbox 417 1578 1755 1676; baseline 0.001 -21"><span class='ocrx_word' id='word_1_38' title='bbox 417 1585 529 1656; x_wconf 90' lang='lat' dir='ltr'>totius</span> <span class='ocrx_word' id='word_1_39' title='bbox 546 1595 642 1654; x_wconf 91' lang='lat' dir='ltr'>terre</span> <span class='ocrx_word' id='word_1_40' title='bbox 659 1581 722 1654; x_wconf 87' lang='lat' dir='ltr'>sue</span> <span class='ocrx_word' id='word_1_41' title='bbox 738 1582 876 1653; x_wconf 82' lang='lat' dir='ltr'><strong>clericis</strong></span> <span class='ocrx_word' id='word_1_42' title='bbox 894 1589 932 1653; x_wconf 91' lang='lat' dir='ltr'>et</span> <span class='ocrx_word' id='word_1_43' title='bbox 949 1581 1050 1653; x_wconf 88' lang='lat' dir='ltr'>laicis</span> <span class='ocrx_word' id='word_1_44' title='bbox 1066 1578 1218 1652; x_wconf 82' lang='lat' dir='ltr'>sulutem</span> <span class='ocrx_word' id='word_1_45' title='bbox 1231 1619 1240 1636; x_wconf 91' lang='lat'><strong>·</strong></span> <span class='ocrx_word' id='word_1_46' title='bbox 1254 1580 1380 1653; x_wconf 81' lang='lat' dir='ltr'><strong>Sciant</strong></span> <span class='ocrx_word' id='word_1_47' title='bbox 1396 1578 1579 1676; x_wconf 81' lang='lat' dir='ltr'>presentes</span> <span class='ocrx_word' id='word_1_48' title='bbox 1592 1593 1630 1654; x_wconf 91' lang='lat' dir='ltr'>et</span> <span class='ocrx_word' id='word_1_49' title='bbox 1643 1584 1755 1657; x_wconf 80' lang='lat' dir='ltr'>futuri</span> 
     </span>
     <span class='ocr_line' id='line_1_7' title="bbox 417 1689 1756 1769; baseline 0.002 -3"><span class='ocrx_word' id='word_1_50' title='bbox 417 1718 475 1766; x_wconf 87' lang='lat' dir='ltr'>me</span> <span class='ocrx_word' id='word_1_51' title='bbox 502 1692 632 1766; x_wconf 79' lang='lat' dir='ltr'>dedisse</span> <span class='ocrx_word' id='word_1_52' title='bbox 656 1689 856 1766; x_wconf 83' lang='lat' dir='ltr'>conceffille</span> <span class='ocrx_word' id='word_1_53' title='bbox 874 1704 912 1764; x_wconf 91' lang='lat' dir='ltr'>et</span> <span class='ocrx_word' id='word_1_54' title='bbox 929 1694 995 1765; x_wconf 89' lang='lat' dir='ltr'>liac</span> <span class='ocrx_word' id='word_1_55' title='bbox 1022 1701 1122 1765; x_wconf 89' lang='lat' dir='ltr'>carta</span> <span class='ocrx_word' id='word_1_56' title='bbox 1145 1715 1227 1763; x_wconf 87' lang='lat' dir='ltr'>mea</span> <span class='ocrx_word' id='word_1_57' title='bbox 1251 1691 1470 1766; x_wconf 77' lang='lat' dir='ltr'>confirmasse</span> <span class='ocrx_word' id='word_1_58' title='bbox 1487 1693 1568 1766; x_wconf 89' lang='lat' dir='ltr'>Deo</span> <span class='ocrx_word' id='word_1_59' title='bbox 1590 1705 1628 1766; x_wconf 90' lang='lat' dir='ltr'>et</span> <span class='ocrx_word' id='word_1_60' title='bbox 1649 1697 1756 1769; x_wconf 83' lang='lat' dir='ltr'>beate</span> 
     </span>
     <span class='ocr_line' id='line_1_8' title="bbox 417 1802 1756 1898; baseline 0.001 -19"><span class='ocrx_word' id='word_1_61' title='bbox 417 1806 536 1879; x_wconf 88' lang='lat' dir='ltr'>Marie</span> <span class='ocrx_word' id='word_1_62' title='bbox 553 1816 591 1878; x_wconf 90' lang='lat' dir='ltr'>et</span> <span class='ocrx_word' id='word_1_63' title='bbox 610 1807 716 1878; x_wconf 86' lang='lat' dir='ltr'>beato</span> <span class='ocrx_word' id='word_1_64' title='bbox 737 1806 924 1877; x_wconf 88' lang='lat' dir='ltr'>Machorio</span> <span class='ocrx_word' id='word_1_65' title='bbox 942 1817 980 1877; x_wconf 90' lang='lat' dir='ltr'>et</span> <span class='ocrx_word' id='word_1_66' title='bbox 998 1803 1151 1876; x_wconf 83' lang='lat' dir='ltr'>Matheo</span> <span class='ocrx_word' id='word_1_67' title='bbox 1176 1803 1339 1898; x_wconf 88' lang='lat' dir='ltr'>episcopo</span> <span class='ocrx_word' id='word_1_68' title='bbox 1357 1802 1607 1878; x_wconf 88' lang='lat' dir='ltr'>Aberdonensi</span> <span class='ocrx_word' id='word_1_69' title='bbox 1632 1831 1756 1880; x_wconf 90' lang='lat' dir='ltr'>omnes</span> 
     </span>
     <span class='ocr_line' id='line_1_9' title="bbox 416 1913 1755 1992; baseline 0.002 -4"><span class='ocrx_word' id='word_1_70' title='bbox 416 1919 495 1990; x_wconf 88' lang='lat' dir='ltr'>illas</span> <span class='ocrx_word' id='word_1_71' title='bbox 512 1920 722 1990; x_wconf 82' lang='lat' dir='ltr'>donationes</span> <span class='ocrx_word' id='word_1_72' title='bbox 740 1929 778 1989; x_wconf 91' lang='lat' dir='ltr'>et</span> <span class='ocrx_word' id='word_1_73' title='bbox 796 1918 982 1989; x_wconf 79' lang='lat' dir='ltr'>libertates</span> <span class='ocrx_word' id='word_1_74' title='bbox 1000 1927 1112 1988; x_wconf 89' lang='lat' dir='ltr'>terras</span> <span class='ocrx_word' id='word_1_75' title='bbox 1130 1913 1295 1988; x_wconf 85' lang='lat' dir='ltr'>ecclesias</span> <span class='ocrx_word' id='word_1_76' title='bbox 1312 1928 1350 1989; x_wconf 90' lang='lat' dir='ltr'>et</span> <span class='ocrx_word' id='word_1_77' title='bbox 1368 1919 1524 1991; x_wconf 88' lang='lat' dir='ltr'>decimas</span> <span class='ocrx_word' id='word_1_78' title='bbox 1549 1920 1755 1992; x_wconf 89' lang='lat' dir='ltr'>reddituum</span> 
     </span>
     <span class='ocr_line' id='line_1_10' title="bbox 417 2027 1756 2123; baseline 0.003 -22"><span class='ocrx_word' id='word_1_79' title='bbox 417 2054 577 2102; x_wconf 93' lang='lat' dir='ltr'>meorum</span> <span class='ocrx_word' id='word_1_80' title='bbox 607 2033 704 2102; x_wconf 86' lang='lat' dir='ltr'>inter</span> <span class='ocrx_word' id='word_1_81' title='bbox 733 2031 821 2102; x_wconf 88' lang='lat' dir='ltr'>duas</span> <span class='ocrx_word' id='word_1_82' title='bbox 851 2052 959 2121; x_wconf 88' lang='lat' dir='ltr'>aquas</span> <span class='ocrx_word' id='word_1_83' title='bbox 989 2051 1059 2120; x_wconf 89' lang='lat' dir='ltr'>que</span> <span class='ocrx_word' id='word_1_84' title='bbox 1085 2027 1165 2100; x_wconf 90' lang='lat' dir='ltr'>Dee</span> <span class='ocrx_word' id='word_1_85' title='bbox 1192 2038 1231 2102; x_wconf 88' lang='lat' dir='ltr'>et</span> <span class='ocrx_word' id='word_1_86' title='bbox 1260 2027 1355 2123; x_wconf 86' lang='lat' dir='ltr'>Spee</span> <span class='ocrx_word' id='word_1_87' title='bbox 1382 2032 1552 2103; x_wconf 91' lang='lat' dir='ltr'>dicuntur</span> <span class='ocrx_word' id='word_1_88' title='bbox 1580 2033 1756 2105; x_wconf 87' lang='lat' dir='ltr'>decimam</span> 
     </span>
     <span class='ocr_line' id='line_1_11' title="bbox 416 2139 1756 2237; baseline -0.001 -23"><span class='ocrx_word' id='word_1_89' title='bbox 416 2139 635 2215; x_wconf 87' lang='lat' dir='ltr'>escaetarum</span> <span class='ocrx_word' id='word_1_90' title='bbox 660 2166 719 2214; x_wconf 90' lang='lat' dir='ltr'>me</span> <span class='ocrx_word' id='word_1_91' title='bbox 745 2143 1033 2237; x_wconf 84' lang='lat' dir='ltr'>contingentium</span> <span class='ocrx_word' id='word_1_92' title='bbox 1058 2141 1151 2212; x_wconf 86' lang='lat' dir='ltr'>infra</span> <span class='ocrx_word' id='word_1_93' title='bbox 1167 2142 1438 2214; x_wconf 88' lang='lat' dir='ltr'>vicecomitatus</span> <span class='ocrx_word' id='word_1_94' title='bbox 1459 2144 1504 2214; x_wconf 90' lang='lat' dir='ltr'>de</span> <span class='ocrx_word' id='word_1_95' title='bbox 1522 2142 1694 2215; x_wconf 85' lang='lat' dir='ltr'>Abcrden</span> <span class='ocrx_word' id='word_1_96' title='bbox 1717 2154 1756 2215; x_wconf 90' lang='lat' dir='ltr'>et</span> 
     </span>
     <span class='ocr_line' id='line_1_12' title="bbox 416 2251 1754 2350; baseline -0.001 -24"><span class='ocrx_word' id='word_1_97' title='bbox 416 2256 461 2326; x_wconf 92' lang='lat' dir='ltr'>de</span> <span class='ocrx_word' id='word_1_98' title='bbox 484 2255 597 2326; x_wconf 85' lang='lat' dir='ltr'>Banff</span> <span class='ocrx_word' id='word_1_99' title='bbox 620 2278 707 2347; x_wconf 92' lang='lat' dir='ltr'>quas</span> <span class='ocrx_word' id='word_1_100' title='bbox 735 2254 920 2325; x_wconf 67' lang='lat' dir='ltr'>Nescanus</span> <span class='ocrx_word' id='word_1_101' title='bbox 947 2263 985 2324; x_wconf 90' lang='lat' dir='ltr'>et</span> <span class='ocrx_word' id='word_1_102' title='bbox 1012 2252 1207 2324; x_wconf 88' lang='lat' dir='ltr'>Edwardus</span> <span class='ocrx_word' id='word_1_103' title='bbox 1237 2251 1497 2346; x_wconf 78' lang='lat' dir='ltr'>predecessores</span> <span class='ocrx_word' id='word_1_104' title='bbox 1522 2253 1576 2327; x_wconf 91' lang='lat' dir='ltr'>sui</span> <span class='ocrx_word' id='word_1_105' title='bbox 1602 2254 1754 2350; x_wconf 87' lang='lat' dir='ltr'>episcopi</span> 
     </span>
     <span class='ocr_line' id='line_1_13' title="bbox 415 2365 1756 2460; baseline 0 -22"><span class='ocrx_word' id='word_1_106' title='bbox 415 2366 691 2439; x_wconf 88' lang='lat' dir='ltr'>Aberdonenses</span> <span class='ocrx_word' id='word_1_107' title='bbox 720 2367 923 2437; x_wconf 88' lang='lat' dir='ltr'>habuerunt</span> <span class='ocrx_word' id='word_1_108' title='bbox 953 2388 1000 2436; x_wconf 88' lang='lat' dir='ltr'>ex</span> <span class='ocrx_word' id='word_1_109' title='bbox 1030 2365 1223 2436; x_wconf 86' lang='lat' dir='ltr'>donatione</span> <span class='ocrx_word' id='word_1_110' title='bbox 1253 2367 1346 2460; x_wconf 81' lang='lat' dir='ltr'>regis</span> <span class='ocrx_word' id='word_1_111' title='bbox 1378 2365 1497 2439; x_wconf 89' lang='lat' dir='ltr'>Dauid</span> <span class='ocrx_word' id='word_1_112' title='bbox 1527 2369 1586 2439; x_wconf 93' lang='lat' dir='ltr'>aui</span> <span class='ocrx_word' id='word_1_113' title='bbox 1615 2369 1688 2440; x_wconf 90' lang='lat' dir='ltr'>mei</span> <span class='ocrx_word' id='word_1_114' title='bbox 1717 2379 1756 2440; x_wconf 88' lang='lat' dir='ltr'>et</span> 
     </span>
     <span class='ocr_line' id='line_1_14' title="bbox 415 2473 1756 2576; baseline -0.001 -24"><span class='ocrx_word' id='word_1_115' title='bbox 415 2483 509 2576; x_wconf 81' lang='lat' dir='ltr'>regis</span> <span class='ocrx_word' id='word_1_116' title='bbox 527 2479 715 2551; x_wconf 88' lang='lat' dir='ltr'>Malcolmi</span> <span class='ocrx_word' id='word_1_117' title='bbox 736 2478 856 2549; x_wconf 87' lang='lat' dir='ltr'>fratris</span> <span class='ocrx_word' id='word_1_118' title='bbox 880 2480 953 2548; x_wconf 90' lang='lat' dir='ltr'>mei</span> <span class='ocrx_word' id='word_1_119' title='bbox 978 2500 1061 2548; x_wconf 90' lang='lat' dir='ltr'>cnm</span> <span class='ocrx_word' id='word_1_120' title='bbox 1088 2478 1253 2548; x_wconf 91' lang='lat' dir='ltr'>omnibus</span> <span class='ocrx_word' id='word_1_121' title='bbox 1278 2473 1377 2549; x_wconf 84' lang='lat' dir='ltr'>iustis</span> <span class='ocrx_word' id='word_1_122' title='bbox 1403 2480 1634 2572; x_wconf 87' lang='lat' dir='ltr'>pertinenciis</span> <span class='ocrx_word' id='word_1_123' title='bbox 1659 2476 1756 2551; x_wconf 89' lang='lat' dir='ltr'>suis·</span> 
     </span>
     <span class='ocr_line' id='line_1_15' title="bbox 415 2586 1756 2684; baseline 0.001 -21"><span class='ocrx_word' id='word_1_124' title='bbox 415 2593 603 2664; x_wconf 83' lang='lat' dir='ltr'>Tenendas</span> <span class='ocrx_word' id='word_1_125' title='bbox 620 2588 684 2662; x_wconf 88' lang='lat' dir='ltr'>sibi</span> <span class='ocrx_word' id='word_1_126' title='bbox 703 2600 741 2662; x_wconf 91' lang='lat' dir='ltr'>et</span> <span class='ocrx_word' id='word_1_127' title='bbox 757 2587 1009 2662; x_wconf 81' lang='lat' dir='ltr'>successoribus</span> <span class='ocrx_word' id='word_1_128' title='bbox 1025 2586 1096 2659; x_wconf 91' lang='lat' dir='ltr'>suis</span> <span class='ocrx_word' id='word_1_129' title='bbox 1112 2591 1150 2658; x_wconf 91' lang='lat' dir='ltr'>in</span> <span class='ocrx_word' id='word_1_130' title='bbox 1168 2612 1293 2681; x_wconf 91' lang='lat' dir='ltr'>puram</span> <span class='ocrx_word' id='word_1_131' title='bbox 1312 2600 1350 2661; x_wconf 91' lang='lat' dir='ltr'>et</span> <span class='ocrx_word' id='word_1_132' title='bbox 1366 2601 1578 2684; x_wconf 89' lang='lat' dir='ltr'>perpetuam</span> <span class='ocrx_word' id='word_1_133' title='bbox 1595 2590 1756 2664; x_wconf 90' lang='lat' dir='ltr'>elemosi-</span> 
     </span>
     <span class='ocr_line' id='line_1_16' title="bbox 416 2699 1755 2800; baseline 0.001 -26"><span class='ocrx_word' id='word_1_134' title='bbox 416 2727 499 2777; x_wconf 92' lang='lat' dir='ltr'>nam</span> <span class='ocrx_word' id='word_1_135' title='bbox 521 2707 574 2775; x_wconf 90' lang='lat' dir='ltr'>ita</span> <span class='ocrx_word' id='word_1_136' title='bbox 589 2703 701 2774; x_wconf 89' lang='lat' dir='ltr'>libere</span> <span class='ocrx_word' id='word_1_137' title='bbox 719 2712 757 2773; x_wconf 90' lang='lat' dir='ltr'>et</span> <span class='ocrx_word' id='word_1_138' title='bbox 774 2703 896 2794; x_wconf 91' lang='lat' dir='ltr'>quiete</span> <span class='ocrx_word' id='word_1_139' title='bbox 920 2700 1080 2795; x_wconf 86' lang='lat' dir='ltr'>plenarie</span> <span class='ocrx_word' id='word_1_140' title='bbox 1097 2711 1136 2772; x_wconf 91' lang='lat' dir='ltr'>et</span> <span class='ocrx_word' id='word_1_141' title='bbox 1152 2702 1346 2774; x_wconf 89' lang='lat' dir='ltr'>honorilice</span> <span class='ocrx_word' id='word_1_142' title='bbox 1364 2699 1455 2775; x_wconf 89' lang='lat' dir='ltr'>sicut</span> <span class='ocrx_word' id='word_1_143' title='bbox 1479 2704 1628 2796; x_wconf 76' lang='lat' dir='ltr'>predicti</span> <span class='ocrx_word' id='word_1_144' title='bbox 1653 2728 1755 2800; x_wconf 83' lang='lat' dir='ltr'>reges</span> 
     </span>
     <span class='ocr_line' id='line_1_17' title="bbox 416 2812 1754 2908; baseline 0.001 -21"><span class='ocrx_word' id='word_1_145' title='bbox 416 2816 535 2889; x_wconf 91' lang='lat' dir='ltr'>Dauid</span> <span class='ocrx_word' id='word_1_146' title='bbox 561 2838 648 2888; x_wconf 88' lang='lat' dir='ltr'>avus</span> <span class='ocrx_word' id='word_1_147' title='bbox 672 2837 775 2887; x_wconf 88' lang='lat' dir='ltr'>meus</span> <span class='ocrx_word' id='word_1_148' title='bbox 798 2825 836 2886; x_wconf 89' lang='lat' dir='ltr'>et</span> <span class='ocrx_word' id='word_1_149' title='bbox 854 2812 1073 2886; x_wconf 91' lang='lat' dir='ltr'>Malcolmus</span> <span class='ocrx_word' id='word_1_150' title='bbox 1096 2813 1207 2884; x_wconf 86' lang='lat' dir='ltr'>frater</span> <span class='ocrx_word' id='word_1_151' title='bbox 1231 2837 1334 2885; x_wconf 90' lang='lat' dir='ltr'>meus</span> <span class='ocrx_word' id='word_1_152' title='bbox 1358 2814 1658 2908; x_wconf 81' lang='lat' dir='ltr'>predecessoribus</span> <span class='ocrx_word' id='word_1_153' title='bbox 1683 2815 1754 2888; x_wconf 90' lang='lat' dir='ltr'>suis</span> 
     </span>
     <span class='ocr_line' id='line_1_18' title="bbox 415 2920 1755 3022; baseline 0 -22"><span class='ocrx_word' id='word_1_154' title='bbox 415 2930 583 3022; x_wconf 78' lang='lat' dir='ltr'>predictis</span> <span class='ocrx_word' id='word_1_155' title='bbox 617 2925 790 3021; x_wconf 91' lang='lat' dir='ltr'>episcopis</span> <span class='ocrx_word' id='word_1_156' title='bbox 820 2927 997 2997; x_wconf 85' lang='lat' dir='ltr'>dederunt</span> <span class='ocrx_word' id='word_1_157' title='bbox 1027 2934 1065 2996; x_wconf 91' lang='lat' dir='ltr'>et</span> <span class='ocrx_word' id='word_1_158' title='bbox 1095 2920 1338 2998; x_wconf 82' lang='lat' dir='ltr'>concesserunt</span> <span class='ocrx_word' id='word_1_159' title='bbox 1368 2936 1406 2998; x_wconf 91' lang='lat' dir='ltr'>et</span> <span class='ocrx_word' id='word_1_160' title='bbox 1440 2928 1492 2998; x_wconf 90' lang='lat' dir='ltr'>ita</span> <span class='ocrx_word' id='word_1_161' title='bbox 1524 2929 1635 2999; x_wconf 89' lang='lat' dir='ltr'>libere</span> <span class='ocrx_word' id='word_1_162' title='bbox 1664 2923 1755 3000; x_wconf 89' lang='lat' dir='ltr'>sicut</span> 
     </span>
     <span class='ocr_line' id='line_1_19' title="bbox 415 3032 1753 3133; baseline 0 -21"><span class='ocrx_word' id='word_1_163' title='bbox 415 3040 534 3133; x_wconf 89' lang='lat' dir='ltr'>aliqua</span> <span class='ocrx_word' id='word_1_164' title='bbox 551 3035 743 3111; x_wconf 85' lang='lat' dir='ltr'>elemosina</span> <span class='ocrx_word' id='word_1_165' title='bbox 755 3040 792 3108; x_wconf 94' lang='lat' dir='ltr'>in</span> <span class='ocrx_word' id='word_1_166' title='bbox 806 3061 916 3133; x_wconf 83' lang='lat' dir='ltr'>regno</span> <span class='ocrx_word' id='word_1_167' title='bbox 928 3060 1010 3108; x_wconf 91' lang='lat' dir='ltr'>meo</span> <span class='ocrx_word' id='word_1_168' title='bbox 1027 3032 1222 3130; x_wconf 85' lang='lat' dir='ltr'>possidetur</span> <span class='ocrx_word' id='word_1_169' title='bbox 1234 3036 1294 3109; x_wconf 90' lang='lat' dir='ltr'>seu</span> <span class='ocrx_word' id='word_1_170' title='bbox 1308 3048 1475 3110; x_wconf 89' lang='lat' dir='ltr'>tenetur·</span> <span class='ocrx_word' id='word_1_171' title='bbox 1490 3040 1660 3113; x_wconf 87' lang='lat' dir='ltr'>Preterea</span> <span class='ocrx_word' id='word_1_172' title='bbox 1672 3042 1753 3113; x_wconf 88' lang='lat' dir='ltr'>dedi</span> 
     </span>
     <span class='ocr_line' id='line_1_20' title="bbox 416 3148 1754 3248; baseline 0.002 -26"><span class='ocrx_word' id='word_1_173' title='bbox 416 3161 454 3222; x_wconf 90' lang='lat' dir='ltr'>et</span> <span class='ocrx_word' id='word_1_174' title='bbox 479 3148 630 3224; x_wconf 83' lang='lat' dir='ltr'>concessi</span> <span class='ocrx_word' id='word_1_175' title='bbox 657 3161 695 3222; x_wconf 89' lang='lat' dir='ltr'>et</span> <span class='ocrx_word' id='word_1_176' title='bbox 719 3150 787 3222; x_wconf 90' lang='lat' dir='ltr'>hac</span> <span class='ocrx_word' id='word_1_177' title='bbox 814 3160 913 3222; x_wconf 86' lang='lat' dir='ltr'>carta</span> <span class='ocrx_word' id='word_1_178' title='bbox 940 3172 1020 3220; x_wconf 87' lang='lat' dir='ltr'>mea</span> <span class='ocrx_word' id='word_1_179' title='bbox 1044 3148 1253 3221; x_wconf 85' lang='lat' dir='ltr'>confirmaui</span> <span class='ocrx_word' id='word_1_180' title='bbox 1278 3151 1323 3223; x_wconf 90' lang='lat' dir='ltr'>de</span> <span class='ocrx_word' id='word_1_181' title='bbox 1348 3153 1570 3223; x_wconf 91' lang='lat' dir='ltr'>incremento</span> <span class='ocrx_word' id='word_1_182' title='bbox 1594 3154 1754 3248; x_wconf 78' lang='lat' dir='ltr'>predidto</span> 
     </span>
     <span class='ocr_line' id='line_1_21' title="bbox 415 3257 1755 3357; baseline 0.001 -22"><span class='ocrx_word' id='word_1_183' title='bbox 415 3261 579 3357; x_wconf 90' lang='lat' dir='ltr'>episcopo</span> <span class='ocrx_word' id='word_1_184' title='bbox 597 3261 750 3335; x_wconf 88' lang='lat' dir='ltr'>Matheo</span> <span class='ocrx_word' id='word_1_185' title='bbox 775 3273 813 3334; x_wconf 92' lang='lat' dir='ltr'>et</span> <span class='ocrx_word' id='word_1_186' title='bbox 839 3257 1090 3334; x_wconf 81' lang='lat' dir='ltr'>successoribus</span> <span class='ocrx_word' id='word_1_187' title='bbox 1112 3259 1183 3332; x_wconf 89' lang='lat' dir='ltr'>suis</span> <span class='ocrx_word' id='word_1_188' title='bbox 1209 3259 1381 3356; x_wconf 90' lang='lat' dir='ltr'>episcopis</span> <span class='ocrx_word' id='word_1_189' title='bbox 1407 3287 1470 3357; x_wconf 92' lang='lat' dir='ltr'>pro</span> <span class='ocrx_word' id='word_1_190' title='bbox 1495 3262 1610 3336; x_wconf 85' lang='lat' dir='ltr'>salute</span> <span class='ocrx_word' id='word_1_191' title='bbox 1636 3267 1755 3338; x_wconf 90' lang='lat' dir='ltr'>anime</span> 
     </span>
     <span class='ocr_line' id='line_1_22' title="bbox 415 3370 1755 3450; baseline 0.003 -4"><span class='ocrx_word' id='word_1_192' title='bbox 415 3398 495 3447; x_wconf 87' lang='lat' dir='ltr'>mee</span> <span class='ocrx_word' id='word_1_193' title='bbox 513 3388 551 3447; x_wconf 92' lang='lat' dir='ltr'>et</span> <span class='ocrx_word' id='word_1_194' title='bbox 569 3370 825 3447; x_wconf 87' lang='lat' dir='ltr'>antecessorum</span> <span class='ocrx_word' id='word_1_195' title='bbox 851 3397 1013 3444; x_wconf 87' lang='lat' dir='ltr'>meomm</span> <span class='ocrx_word' id='word_1_196' title='bbox 1037 3383 1133 3444; x_wconf 87' lang='lat' dir='ltr'>totas</span> <span class='ocrx_word' id='word_1_197' title='bbox 1155 3381 1267 3445; x_wconf 87' lang='lat' dir='ltr'>terras</span> <span class='ocrx_word' id='word_1_198' title='bbox 1292 3396 1390 3446; x_wconf 89' lang='lat' dir='ltr'>meas</span> <span class='ocrx_word' id='word_1_199' title='bbox 1407 3376 1452 3447; x_wconf 90' lang='lat' dir='ltr'>de</span> <span class='ocrx_word' id='word_1_200' title='bbox 1470 3374 1576 3448; x_wconf 81' lang='lat' dir='ltr'>Brals</span> <span class='ocrx_word' id='word_1_201' title='bbox 1586 3378 1755 3450; x_wconf 87' lang='lat' dir='ltr'>videlicet</span> 
     </span>
     <span class='ocr_line' id='line_1_23' title="bbox 416 3482 1755 3584; baseline 0.002 -26"><span class='ocrx_word' id='word_1_202' title='bbox 416 3483 667 3558; x_wconf 83' lang='lat' dir='ltr'>Ouchtirbrals</span> <span class='ocrx_word' id='word_1_203' title='bbox 681 3526 689 3543; x_wconf 92' lang='lat'><strong>·</strong></span> <span class='ocrx_word' id='word_1_204' title='bbox 709 3485 997 3579; x_wconf 87' lang='lat' dir='ltr'>Drummenathy</span> <span class='ocrx_word' id='word_1_205' title='bbox 1015 3526 1023 3542; x_wconf 92' lang='lat'><strong>·</strong></span> <span class='ocrx_word' id='word_1_206' title='bbox 1042 3485 1165 3555; x_wconf 87' lang='lat' dir='ltr'>villam</span> <span class='ocrx_word' id='word_1_207' title='bbox 1191 3482 1338 3557; x_wconf 83' lang='lat' dir='ltr'>ecclesie</span> <span class='ocrx_word' id='word_1_208' title='bbox 1355 3523 1364 3542; x_wconf 88' lang='lat'><strong>·</strong></span> <span class='ocrx_word' id='word_1_209' title='bbox 1382 3486 1625 3584; x_wconf 83' lang='lat' dir='ltr'>Kynmonedy</span> <span class='ocrx_word' id='word_1_210' title='bbox 1642 3530 1651 3546; x_wconf 89' lang='lat'><strong>·</strong></span> <span class='ocrx_word' id='word_1_211' title='bbox 1670 3488 1755 3561; x_wconf 88' lang='lat' dir='ltr'>Bal-</span> 
     </span>
     <span class='ocr_line' id='line_1_24' title="bbox 415 3596 1754 3691; baseline 0.003 -23"><span class='ocrx_word' id='word_1_212' title='bbox 415 3599 515 3669; x_wconf 90' lang='lat' dir='ltr'>foure</span> <span class='ocrx_word' id='word_1_213' title='bbox 541 3635 549 3653; x_wconf 94' lang='lat'><strong>·</strong></span> <span class='ocrx_word' id='word_1_214' title='bbox 574 3596 791 3691; x_wconf 85' lang='lat' dir='ltr'>Tnlysnacht</span> <span class='ocrx_word' id='word_1_215' title='bbox 815 3637 823 3654; x_wconf 91' lang='lat'><strong>·</strong></span> <span class='ocrx_word' id='word_1_216' title='bbox 848 3597 1050 3689; x_wconf 87' lang='lat' dir='ltr'>Erbentuly</span> <span class='ocrx_word' id='word_1_217' title='bbox 1076 3636 1084 3652; x_wconf 93' lang='lat'><strong>·</strong></span> <span class='ocrx_word' id='word_1_218' title='bbox 1110 3596 1335 3670; x_wconf 87' lang='lat' dir='ltr'>Ardensoule</span> <span class='ocrx_word' id='word_1_219' title='bbox 1359 3639 1367 3656; x_wconf 91' lang='lat'><strong>·</strong></span> <span class='ocrx_word' id='word_1_220' title='bbox 1395 3598 1564 3672; x_wconf 91' lang='lat' dir='ltr'>Innercat</span> <span class='ocrx_word' id='word_1_221' title='bbox 1589 3639 1598 3656; x_wconf 91' lang='lat'><strong>·</strong></span> <span class='ocrx_word' id='word_1_222' title='bbox 1625 3602 1754 3674; x_wconf 86' lang='lat' dir='ltr'>Parci-</span> 
     </span>
     <span class='ocr_line' id='line_1_25' title="bbox 416 3707 1753 3807; baseline 0.005 -28"><span class='ocrx_word' id='word_1_223' title='bbox 416 3708 628 3804; x_wconf 77' lang='lat' dir='ltr'>Migstrath·</span> <span class='ocrx_word' id='word_1_224' title='bbox 641 3710 755 3781; x_wconf 89' lang='lat' dir='ltr'>Clone</span> <span class='ocrx_word' id='word_1_225' title='bbox 769 3749 777 3766; x_wconf 91' lang='lat'><strong>·</strong></span> <span class='ocrx_word' id='word_1_226' title='bbox 790 3707 993 3780; x_wconf 88' lang='lat' dir='ltr'>Balneboth</span> <span class='ocrx_word' id='word_1_227' title='bbox 1011 3749 1019 3765; x_wconf 92' lang='lat'><strong>·</strong></span> <span class='ocrx_word' id='word_1_228' title='bbox 1034 3707 1181 3801; x_wconf 82' lang='lat' dir='ltr'>Enachy</span> <span class='ocrx_word' id='word_1_229' title='bbox 1194 3746 1202 3764; x_wconf 94' lang='lat'><strong>·</strong></span> <span class='ocrx_word' id='word_1_230' title='bbox 1214 3708 1430 3806; x_wconf 85' lang='lat' dir='ltr'>Ballynfady</span> <span class='ocrx_word' id='word_1_231' title='bbox 1442 3751 1450 3767; x_wconf 93' lang='lat'><strong>·</strong></span> <span class='ocrx_word' id='word_1_232' title='bbox 1460 3712 1729 3807; x_wconf 78' lang='lat' dir='ltr'>&#39;l&#39;ulyquhorlke</span> <span class='ocrx_word' id='word_1_233' title='bbox 1744 3756 1753 3773; x_wconf 90' lang='lat'><strong>·</strong></span> 
     </span>
     <span class='ocr_line' id='line_1_26' title="bbox 414 3818 1753 3915; baseline 0.006 -25"><span class='ocrx_word' id='word_1_234' title='bbox 414 3820 651 3915; x_wconf 85' lang='lat' dir='ltr'>Tulycarman</span> <span class='ocrx_word' id='word_1_235' title='bbox 674 3860 682 3877; x_wconf 92' lang='lat'><strong>·</strong></span> <span class='ocrx_word' id='word_1_236' title='bbox 705 3832 744 3893; x_wconf 89' lang='lat' dir='ltr'>et</span> <span class='ocrx_word' id='word_1_237' title='bbox 771 3818 937 3892; x_wconf 86' lang='lat' dir='ltr'>forestam</span> <span class='ocrx_word' id='word_1_238' title='bbox 966 3842 1085 3892; x_wconf 89' lang='lat' dir='ltr'>meam</span> <span class='ocrx_word' id='word_1_239' title='bbox 1115 3821 1160 3891; x_wconf 89' lang='lat' dir='ltr'>de</span> <span class='ocrx_word' id='word_1_240' title='bbox 1187 3819 1295 3894; x_wconf 78' lang='lat' dir='ltr'>Brals</span> <span class='ocrx_word' id='word_1_241' title='bbox 1316 3848 1400 3897; x_wconf 91' lang='lat' dir='ltr'>cum</span> <span class='ocrx_word' id='word_1_242' title='bbox 1429 3826 1595 3897; x_wconf 88' lang='lat' dir='ltr'>omnibus</span> <span class='ocrx_word' id='word_1_243' title='bbox 1620 3828 1753 3898; x_wconf 91' lang='lat' dir='ltr'>natiuis</span> 
     </span>
     <span class='ocr_line' id='line_1_27' title="bbox 415 3932 1753 4031; baseline 0.004 -28"><span class='ocrx_word' id='word_1_244' title='bbox 415 3934 587 4005; x_wconf 75' lang='lat' dir='ltr'>dictarum</span> <span class='ocrx_word' id='word_1_245' title='bbox 613 3944 789 4005; x_wconf 87' lang='lat' dir='ltr'>terrarum</span> <span class='ocrx_word' id='word_1_246' title='bbox 806 3971 814 3987; x_wconf 93' lang='lat'><strong>·</strong></span> <span class='ocrx_word' id='word_1_247' title='bbox 832 3933 974 4026; x_wconf 82' lang='lat' dir='ltr'>thaynis</span> <span class='ocrx_word' id='word_1_248' title='bbox 990 3934 1081 4003; x_wconf 86' lang='lat' dir='ltr'>meis</span> <span class='ocrx_word' id='word_1_249' title='bbox 1097 3941 1241 4004; x_wconf 90' lang='lat' dir='ltr'>tantum</span> <span class='ocrx_word' id='word_1_250' title='bbox 1258 3932 1411 4007; x_wconf 84' lang='lat' dir='ltr'>exclusis</span> <span class='ocrx_word' id='word_1_251' title='bbox 1430 3977 1438 3993; x_wconf 93' lang='lat'><strong>·</strong></span> <span class='ocrx_word' id='word_1_252' title='bbox 1457 3960 1539 4009; x_wconf 86' lang='lat' dir='ltr'>cum</span> <span class='ocrx_word' id='word_1_253' title='bbox 1557 3936 1635 4009; x_wconf 90' lang='lat' dir='ltr'>aliis</span> <span class='ocrx_word' id='word_1_254' title='bbox 1646 3934 1753 4031; x_wconf 88' lang='lat' dir='ltr'>justis</span> 
     </span>
     <span class='ocr_line' id='line_1_28' title="bbox 414 4045 1754 4143; baseline 0.004 -26"><span class='ocrx_word' id='word_1_255' title='bbox 414 4047 641 4139; x_wconf 87' lang='lat' dir='ltr'>pertinentiis</span> <span class='ocrx_word' id='word_1_256' title='bbox 675 4056 713 4117; x_wconf 91' lang='lat' dir='ltr'>et</span> <span class='ocrx_word' id='word_1_257' title='bbox 746 4045 1021 4117; x_wconf 74' lang='lat' dir='ltr'>rectitudinibus</span> <span class='ocrx_word' id='word_1_258' title='bbox 1055 4047 1093 4116; x_wconf 92' lang='lat' dir='ltr'>in</span> <span class='ocrx_word' id='word_1_259' title='bbox 1125 4068 1251 4139; x_wconf 91' lang='lat' dir='ltr'>puram</span> <span class='ocrx_word' id='word_1_260' title='bbox 1290 4046 1440 4119; x_wconf 88' lang='lat' dir='ltr'>liberam</span> <span class='ocrx_word' id='word_1_261' title='bbox 1470 4060 1509 4121; x_wconf 90' lang='lat' dir='ltr'>et</span> <span class='ocrx_word' id='word_1_262' title='bbox 1542 4060 1754 4143; x_wconf 86' lang='lat' dir='ltr'>perpetuam</span> 
     </span>
     <span class='ocr_line' id='line_1_29' title="bbox 414 4154 1755 4254; baseline 0.004 -26"><span class='ocrx_word' id='word_1_263' title='bbox 414 4154 642 4230; x_wconf 88' lang='lat' dir='ltr'>elemosinam</span> <span class='ocrx_word' id='word_1_264' title='bbox 672 4160 724 4229; x_wconf 92' lang='lat' dir='ltr'>ita</span> <span class='ocrx_word' id='word_1_265' title='bbox 750 4157 863 4229; x_wconf 88' lang='lat' dir='ltr'>libere</span> <span class='ocrx_word' id='word_1_266' title='bbox 890 4158 1012 4249; x_wconf 91' lang='lat' dir='ltr'>quiete</span> <span class='ocrx_word' id='word_1_267' title='bbox 1041 4155 1200 4251; x_wconf 88' lang='lat' dir='ltr'>plenarie</span> <span class='ocrx_word' id='word_1_268' title='bbox 1230 4168 1269 4229; x_wconf 90' lang='lat' dir='ltr'>et</span> <span class='ocrx_word' id='word_1_269' title='bbox 1297 4158 1491 4232; x_wconf 86' lang='lat' dir='ltr'>honorifice</span> <span class='ocrx_word' id='word_1_270' title='bbox 1518 4157 1609 4233; x_wconf 87' lang='lat' dir='ltr'>licut</span> <span class='ocrx_word' id='word_1_271' title='bbox 1634 4162 1755 4254; x_wconf 87' lang='lat' dir='ltr'>aliqua</span> 
     </span>
     <span class='ocr_line' id='line_1_30' title="bbox 413 4267 1753 4364; baseline 0.004 -24"><span class='ocrx_word' id='word_1_272' title='bbox 413 4267 605 4342; x_wconf 91' lang='lat' dir='ltr'>elemosina</span> <span class='ocrx_word' id='word_1_273' title='bbox 622 4272 658 4340; x_wconf 93' lang='lat' dir='ltr'>in</span> <span class='ocrx_word' id='word_1_274' title='bbox 676 4293 786 4364; x_wconf 82' lang='lat' dir='ltr'>regno</span> <span class='ocrx_word' id='word_1_275' title='bbox 807 4291 890 4340; x_wconf 92' lang='lat' dir='ltr'>meo</span> <span class='ocrx_word' id='word_1_276' title='bbox 906 4267 1052 4339; x_wconf 90' lang='lat' dir='ltr'>liberius</span> <span class='ocrx_word' id='word_1_277' title='bbox 1070 4270 1226 4361; x_wconf 86' lang='lat' dir='ltr'>quietius</span> <span class='ocrx_word' id='word_1_278' title='bbox 1245 4268 1387 4362; x_wconf 86' lang='lat' dir='ltr'>plenius</span> <span class='ocrx_word' id='word_1_279' title='bbox 1404 4281 1443 4341; x_wconf 91' lang='lat' dir='ltr'>et</span> <span class='ocrx_word' id='word_1_280' title='bbox 1460 4272 1753 4345; x_wconf 86' lang='lat' dir='ltr'>honorificentius</span> 
     </span>
     <span class='ocr_line' id='line_1_31' title="bbox 413 4376 1750 4480; baseline 0.004 -28"><span class='ocrx_word' id='word_1_281' title='bbox 413 4392 559 4454; x_wconf 88' lang='lat' dir='ltr'>tenetur</span> <span class='ocrx_word' id='word_1_282' title='bbox 586 4379 648 4452; x_wconf 84' lang='lat' dir='ltr'>seu</span> <span class='ocrx_word' id='word_1_283' title='bbox 678 4376 872 4473; x_wconf 79' lang='lat' dir='ltr'>possidetur</span> <span class='ocrx_word' id='word_1_284' title='bbox 900 4419 909 4437; x_wconf 91' lang='lat'><strong>·</strong></span> <span class='ocrx_word' id='word_1_285' title='bbox 936 4377 1100 4452; x_wconf 83' lang='lat' dir='ltr'>Testibus</span> <span class='ocrx_word' id='word_1_286' title='bbox 1129 4379 1295 4453; x_wconf 82' lang='lat' dir='ltr'>Jocelino</span> <span class='ocrx_word' id='word_1_287' title='bbox 1324 4379 1487 4476; x_wconf 87' lang='lat' dir='ltr'>episcopo</span> <span class='ocrx_word' id='word_1_288' title='bbox 1511 4381 1750 4480; x_wconf 55' lang='lat' dir='ltr'>‘Glasguenli</span> 
     </span>
     <span class='ocr_line' id='line_1_32' title="bbox 414 4489 1752 4590; baseline 0.005 -27"><span class='ocrx_word' id='word_1_289' title='bbox 414 4493 570 4589; x_wconf 84' lang='lat' dir='ltr'>lingone</span> <span class='ocrx_word' id='word_1_290' title='bbox 588 4489 836 4564; x_wconf 88' lang='lat' dir='ltr'>Dunkeldensi</span> <span class='ocrx_word' id='word_1_291' title='bbox 854 4489 1019 4585; x_wconf 91' lang='lat' dir='ltr'>episcopo</span> <span class='ocrx_word' id='word_1_292' title='bbox 1036 4530 1044 4548; x_wconf 94' lang='lat'><strong>·</strong></span> <span class='ocrx_word' id='word_1_293' title='bbox 1062 4491 1217 4565; x_wconf 86' lang='lat' dir='ltr'>Ricardo</span> <span class='ocrx_word' id='word_1_294' title='bbox 1235 4492 1400 4566; x_wconf 84' lang='lat' dir='ltr'>Moravie</span> <span class='ocrx_word' id='word_1_295' title='bbox 1415 4532 1424 4550; x_wconf 93' lang='lat'><strong>·</strong></span> <span class='ocrx_word' id='word_1_296' title='bbox 1441 4493 1600 4590; x_wconf 87' lang='lat' dir='ltr'>Turpino</span> <span class='ocrx_word' id='word_1_297' title='bbox 1617 4495 1752 4570; x_wconf 82' lang='lat' dir='ltr'>Broch-</span> 
     </span>
    </p>
   </div>
   <div class='ocr_carea' id='block_1_5' title="bbox 0 0 2048 5430">
    <p class='ocr_par' dir='ltr' id='par_1_5' title="bbox 0 0 2048 5430">
     <span class='ocr_line' id='line_1_33' title="bbox 0 0 2048 5430; baseline 0 2"><span class='ocrx_word' id='word_1_298' title='bbox 0 0 2048 5430; x_wconf 95' lang='lat' dir='ltr'> </span> 
     </span>
    </p>
   </div>
  </div>
 </body>
</html>
