4088 5430
347 636 417 701 982
860 623 1165 698 REGISTRUM
1530 626 1689 723 [sacam

347 829 497 922 tigerit·
515 862 549 882 ··
571 849 617 896 ex
642 833 730 896 tnnc
754 821 959 895 huiusmodi
983 823 1217 917 capellaniam
1243 847 1369 897 vacare
1395 826 1577 897 decemo·
1596 864 1605 882 ·
1621 863 1630 881 ·
1647 837 1690 898 et

256 971 257 974 ¹
348 940 444 1012 idem
463 936 544 1007 volo
562 934 588 1007 sr
605 934 837 1029 personaliter
862 960 936 1007 non
961 933 1111 1008 resideat
1137 936 1260 1008 debite
1285 933 1527 1009 deseruitnrus
1550 979 1559 996 ·
1583 979 1591 996 ·
1616 978 1625 996 ·
1648 949 1691 1010 et

348 1050 508 1144 portabit
524 1049 690 1120 habitum
707 1050 746 1119 in
762 1049 868 1120 choro
887 1089 895 1106 ·
914 1088 923 1106 ·
943 1090 951 1105 ·
970 1050 1136 1120 omnibus
1150 1049 1276 1121 diebus
1290 1049 1476 1121 dominicis
1493 1061 1531 1121 et
1548 1045 1690 1122 festinis

349 1201 358 1218 ·
375 1200 383 1218 ·
402 1200 409 1216 ·
427 1161 538 1255 Apud
555 1159 727 1232 Aberden
744 1184 795 1232 xx
812 1159 980 1233 octobris
996 1183 1090 1233 anno
1108 1158 1257 1232 Domini
1275 1180 1501 1233 moocoavn
1518 1198 1527 1218 ·

353 1496 508 1568 Collatio
525 1495 722 1589 capellanie
739 1496 785 1567 de
802 1494 951 1589 Vldeny
968 1535 976 1552 ·

356 1698 575 1815 Ingeramus
602 1759 611 1776 ·
640 1759 648 1776 ·
677 1757 686 1775 ·
715 1715 900 1812 episcopua
929 1713 1195 1789 Aberdonensrs
1221 1756 1230 1774 ·
1255 1756 1264 1774 ·
1289 1757 1297 1774 ·
1324 1719 1469 1790 domino
1497 1717 1691 1790 Willelmo

354 1833 507 1925 Feryare
521 1832 654 1902 decano
673 1872 681 1886 ·
701 1870 709 1887 ·
728 1871 736 1888 ·
755 1828 1024 1902 christianitatis
1042 1831 1088 1902 de
1105 1830 1277 1903 Buchnne
1295 1872 1303 1889 ·
1323 1871 1332 1889 ·
1351 1873 1358 1889 ·
1379 1831 1474 1916 Quia
1490 1832 1693 1925 capellania

354 1947 399 2016 de
416 1943 563 2036 Vldeny
581 1983 589 2000 ·
608 1981 617 1999 ·
637 1982 645 1999 ·
664 1965 793 2014 vacans
818 1965 882 2035 per
898 1953 1053 2012 mortem
1070 1943 1250 2034 quondam
1268 1944 1403 2014 domini
1420 1944 1557 2014 Thome
1573 1943 1693 2015 Brou-

353 2055 445 2129 stare
464 2095 472 2112 ·
491 2096 499 2113 ·
518 2095 526 2112 ·
545 2055 590 2127 ad
615 2053 917 2147 presentationem
936 2092 944 2110 ·
963 2093 972 2111 ·
992 2094 1000 2111 ·
1019 2054 1198 2125 Willelmi
1217 2054 1364 2149 Vldeny
1388 2057 1434 2127 de
1460 2056 1587 2126 eodem
1612 2054 1692 2128 nos-

353 2179 518 2260 tramque
548 2167 778 2238 collationem
812 2165 921 2259 pleno
950 2167 1028 2236 iure
1057 2165 1249 2258 spatians·
1280 2207 1288 2223 ·
1318 2207 1325 2223 ·
1355 2168 1500 2239 domino
1529 2167 1691 2239 Johanni

352 2282 376 2353 J
379 2279 515 2353 efrason
534 2321 542 2335 ·
563 2320 570 2336 ·
591 2318 599 2335 ·
617 2279 834 2349 conserimus
852 2317 860 2334 ·
880 2317 888 2333 ·
908 2315 916 2334 ·
934 2300 977 2348 ac
994 2279 1149 2348 eundem
1166 2279 1352 2349 dominum
1365 2279 1389 2350 J
1392 2281 1570 2351 ohannem
1588 2291 1693 2352 ante·

354 2394 490 2464 ditium
516 2415 581 2485 per
607 2390 732 2461 annuli
761 2386 872 2458 nostri
900 2389 1132 2460 traditionem
1162 2389 1373 2462 inuestimus
1396 2429 1404 2446 ·
1427 2428 1436 2446 ·
1457 2429 1465 2445 ·
1489 2392 1621 2463 vobis·
1648 2430 1657 2446 ·
1684 2433 1692 2449 ·

353 2506 565 2576 mandamus
583 2504 751 2593 quatinus
769 2500 906 2572 dictum
924 2501 1107 2572 dominum
1124 2500 1148 2571 J
1151 2502 1329 2573 ohannem
1346 2540 1354 2558 ·
1372 2540 1380 2556 ·
1398 2540 1407 2558 ·
1425 2503 1463 2572 in
1482 2541 1490 2559 ·
1509 2542 1517 2559 ·
1537 2543 1545 2559 ·
1564 2500 1693 2595 posses-

353 2614 488 2687 sionem
506 2616 600 2685 diue
617 2613 814 2707 capellanie
831 2650 840 2669 ·
858 2650 866 2668 ·
883 2649 891 2668 ·
909 2609 1104 2684 instituatis
1122 2653 1130 2670 ·
1151 2653 1159 2670 ·
1178 2652 1186 2669 ·
1201 2611 1312 2706 Apud
1329 2614 1514 2684 canoniam
1533 2611 1693 2686 nostram

355 2725 650 2800 Aberdouensem
669 2726 731 2818 xiij
746 2725 804 2796 die
817 2720 949 2794 mensis
959 2723 1170 2796 Decembris
1183 2748 1277 2796 anno
1292 2724 1439 2796 Domini
1457 2745 1669 2798 n.cccc.1.vi
1684 2768 1691 2784 ·

354 3062 575 3134 Collationes
588 3060 785 3155 capellanie
801 3061 908 3133 beate
922 3059 1032 3131 Anne
1044 3060 1170 3131 matris
1185 3056 1382 3131 beatissime
1394 3058 1557 3157 Virginis
1570 3057 1695 3132 Marie

353 3176 447 3248 infra
462 3169 648 3247 ecclesiam
664 3173 904 3268 parochialem
922 3174 1019 3245 beati
1037 3170 1205 3265 Nicholaj
1224 3173 1269 3242 do
1287 3171 1508 3245 Aberdenc·

355 3375 577 3494 lugeremus
600 3436 609 3452 ·
634 3434 643 3452 ·
667 3435 676 3453 ·
700 3393 886 3490 episcopus
913 3390 1172 3467 Abirdonensrs
1195 3433 1203 3450 ·
1227 3432 1235 3449 ·
1258 3394 1441 3467 ·Johanni
1469 3396 1513 3467 de
1538 3395 1695 3490 Pettyn-

353 3534 469 3606 wyme
486 3510 618 3580 vicario
637 3508 682 3579 de
700 3507 828 3579 Durris
847 3503 1085 3579 Morauiensrs
1102 3503 1251 3579 diocesis
1268 3545 1276 3562 ·
1294 3545 1303 3564 ·
1320 3546 1329 3563 ·
1347 3511 1431 3600 quia
1456 3507 1695 3602 capellaniam

353 3631 565 3718 perpetuam
582 3621 705 3692 altaris
721 3618 840 3692 sanita
858 3621 968 3691 Anne
986 3616 1153 3690 situatam
1179 3620 1272 3690 iufra
1297 3617 1483 3692 ecclesiam
1509 3621 1695 3714 parochia-

354 3736 426 3808 lem
456 3735 552 3826 beatj
580 3732 748 3826 Nieholaj
773 3734 818 3803 de
840 3731 1003 3802 Abirden
1026 3768 1034 3784 ·
1059 3770 1067 3787 ·
1092 3741 1308 3802 ·vacantem
1335 3755 1400 3824 per
1426 3734 1693 3825 promotionem

355 3890 363 3905 ·
393 3887 401 3904 ·
431 3888 438 3904 ·
467 3845 644 3916 Johannis
679 3844 802 3938 Smaly
832 3844 877 3915 ad
911 3853 1122 3936 perpetuam
1156 3842 1324 3914 vicariam
1358 3843 1404 3915 dc
1431 3842 1693 3915 Kencoldroun

354 3954 604 4030 Brechinensra
636 3953 784 4027 diocesis
812 3956 855 4027 ad
886 3953 1187 4049 presentationem
1214 3992 1223 4009 ·
1250 3991 1258 4008 ·
1287 3992 1295 4009 ·
1321 3954 1449 4027 Jacobi
1479 3955 1615 4028 domini
1645 3957 1693 4028 de

355 4067 503 4141 Forbess
521 4107 528 4123 ·
547 4106 554 4123 ·
572 4105 580 4122 ·
598 4065 819 4161 spedaantem
837 4102 844 4123 ·
862 4105 871 4121 ·
888 4105 896 4122 ·
915 4067 1058 4137 domino
1075 4066 1212 4137 Thome
1230 4065 1381 4137 Dauidis
1398 4066 1582 4160 capellano
1608 4105 1617 4122 ·
1643 4108 1651 4123 ·
1682 4108 1691 4125 ·

351 4183 398 4254 'ad
430 4181 581 4253 eandem
612 4179 848 4273 capellaniam
871 4219 879 4236 ·
903 4219 911 4236 ·
936 4218 944 4235 ·
967 4176 1171 4272 presentato
1190 4216 1199 4234 ·
1218 4217 1226 4234 ·
1246 4218 1254 4235 ·
1272 4177 1492 4251 contulimus
1509 4217 1518 4235 ·
1535 4216 1543 4233 ·
1561 4217 1569 4234 ·
1588 4180 1691 4251 vobis

355 4335 362 4350 ·
383 4334 390 4350 ·
411 4332 419 4349 ·
439 4291 650 4362 mandamus
675 4300 853 4383 quatenus
879 4290 1058 4384 prefatum
1084 4290 1270 4360 dominum
1289 4288 1464 4363 Thomam
1481 4328 1490 4345 ·
1507 4327 1516 4346 ·
1533 4328 1541 4345 ·
1558 4291 1604 4363 ad
1622 4331 1631 4347 ·
1650 4333 1658 4347 ·
1680 4331 1688 4348 ·

353 4400 596 4499 possesionem
622 4401 780 4473 eiusdem
807 4402 1005 4496 capellanie
1023 4442 1030 4459 ·
1051 4443 1059 4459 ·
1079 4441 1088 4461 ·
1107 4397 1301 4472 instituatis
1318 4438 1327 4456 ·
1345 4440 1353 4457 ·
1371 4440 1379 4457 ·
1397 4401 1508 4497 Apud
1525 4400 1689 4476 Abirden

353 4518 378 4612 ij
398 4517 456 4587 die
473 4510 605 4586 mensis
620 4511 644 4583 J
647 4514 722 4608 unij
740 4537 835 4586 anno
852 4514 1001 4587 Domini
1019 4532 1261 4587 moccoamu
1281 4553 1288 4570 ·
