4088 5430
345 623 416 689 348
863 608 1168 683 REGISTRUM
1536 609 1695 706 [sucum

310 836 315 841 ·
345 814 492 906 quidem
506 821 665 884 cartam·
684 848 693 864 ·
711 851 719 866 ·
738 810 989 881 confirmamus
1008 849 1016 865 ·
1036 849 1044 866 ·
1064 848 1072 866 ·
1091 808 1137 879 In
1154 811 1257 880 cuius
1274 810 1327 880 rei
1344 804 1590 880 testimonium
1607 833 1689 904 pre-

344 925 436 996 senti
454 933 553 995 carte
565 965 572 980 ·
585 963 593 980 ·
607 963 615 980 ·
628 946 800 1017 magnum
817 919 974 1016 sigillum
992 917 1153 991 nostrum
1171 923 1302 1013 apponi
1320 922 1569 1012 precepimus·
1588 917 1689 992 testi·

345 1037 412 1106 bus
440 1035 639 1106 reuereudo
667 1037 705 1105 in
732 1030 874 1104 Christo
901 1042 1004 1126 patre
1032 1031 1209 1103 Villelmo
1243 1030 1407 1125 episcopo
1437 1030 1687 1104 Aberdonensr

345 1145 455 1218 nostri
472 1146 598 1219 secreti
621 1144 726 1242 figilli
744 1143 891 1217 custode
910 1185 918 1202 ·
938 1145 1077 1215 dilectis
1095 1141 1366 1238 consanguineis
1384 1139 1512 1214 nostris
1529 1144 1687 1239 Georgio

345 1260 478 1331 comite
496 1261 541 1330 de
559 1258 716 1329 Huntlie
734 1259 880 1330 domino
897 1256 1125 1327 Baidueuach
1139 1254 1352 1326 cancellario
1372 1252 1492 1325 nostro
1506 1295 1514 1313 ·
1530 1255 1687 1327 Patricio

346 1374 479 1442 comite
497 1372 542 1441 de
560 1370 733 1441 Bothuile
752 1371 898 1440 domiuo
928 1368 1059 1439 Halis·
1083 1366 1305 1439 Archibaldo
1332 1369 1465 1438 comite
1491 1369 1535 1439 de
1554 1368 1688 1462 Ergyle

346 1485 492 1554 domiuo
518 1482 708 1577 Campbell
734 1491 773 1553 et
800 1481 920 1552 Lorne
938 1477 1107 1574 magistro
1134 1478 1295 1572 Hospieij
1319 1475 1456 1549 nostri·
1475 1479 1687 1552 Alexandro

346 1597 491 1666 domino
527 1593 659 1666 mee
693 1617 824 1688 magno
859 1592 1054 1664 camerario
1088 1586 1207 1661 nostro
1241 1631 1250 1647 ·
1286 1590 1448 1662 Roberto
1484 1591 1615 1686 Lundy
1640 1594 1687 1663 de

345 1706 511 1802 Balgony
526 1707 644 1778 milite
657 1703 876 1778 thesaurario
894 1701 1015 1775 nostro
1032 1744 1040 1760 ·
1056 1713 1095 1774 et
1113 1702 1251 1774 dilectis
1264 1702 1402 1774 clericis
1419 1699 1547 1774 uostris
1561 1702 1688 1799 magis-

346 1819 411 1889 tris
440 1819 595 1890 Rieardo
626 1817 798 1888 Murheid
830 1817 965 1887 decano
996 1811 1207 1910 Glasguenli
1241 1811 1430 1886 secretario
1458 1814 1577 1887 nostro
1608 1858 1617 1874 ·
1648 1829 1687 1888 et

346 1929 499 2000 Valtero
519 1928 757 2000 ‘Drummond
783 1930 918 1999 decano
945 1923 1195 1998 Dunblauensr
1213 1925 1414 1997 nostrorum
1431 1928 1632 2000 rotulorum
1649 1940 1688 2001 et

343 2039 485 2136 registri
504 2065 545 2113 ac
564 2036 700 2135 consilij
719 2040 849 2112 clerieo
865 2079 874 2095 ·
892 2038 1004 2133 Apud
1031 2040 1265 2134 Edinburghe
1282 2042 1307 2134 ij
1326 2038 1488 2135 Januarij
1514 2063 1588 2113 nn.
1607 2063 1687 2113 mn.

345 2164 383 2224 et
400 2155 502 2247 regui
519 2149 629 2223 nostri
647 2153 787 2224 decimo
811 2154 920 2223 tertio
938 2194 946 2209 ·

344 2467 568 2561 Alexander
585 2488 688 2560 Vaus
706 2489 806 2559 dedit
832 2488 1027 2581 capellanis
1052 2491 1151 2561 chori
1169 2501 1303 2562 terram
1325 2493 1532 2586 burgagiam
1551 2496 1587 2563 in
1606 2497 1686 2566 vico

345 2604 527 2673 furcarum
545 2624 608 2693 pro
626 2595 735 2670 missis
753 2599 977 2672 celebrandis
994 2602 1039 2672 ad
1053 2603 1166 2673 altare
1184 2627 1206 2673 a
1222 2601 1257 2673 se
1275 2604 1465 2675 fundatum
1483 2607 1521 2675 in
1538 2602 1688 2678 ecclesia

344 2712 540 2787 cathedrali
560 2715 597 2782 in
615 2714 787 2783 honorem
806 2711 846 2782 S.
865 2713 1029 2808 Congaui
1046 2715 1187 2786 abbatis
1206 2757 1214 2772 ·
1235 2715 1412 2787 Katerine
1430 2757 1438 2773 ·
1458 2715 1658 2812 Margarite
1677 2762 1684 2776 ·

344 2823 493 2896 Martlre
511 2865 519 2880 ·
540 2834 577 2895 et
595 2823 754 2894 Barbare
781 2826 959 2918 virginum
977 2866 986 2882 ·
1005 2826 1145 2919 prouiso
1173 2830 1267 2919 quod
1286 2830 1323 2898 in
1341 2829 1502 2920 qualibet
1525 2826 1624 2902 missa
1641 2829 1686 2902 srt

344 2960 414 3008 vna
431 2936 582 3008 colle&
599 2933 761 3029 specialis
780 2960 862 3008 cum
877 2937 1030 3009 collecta
1048 2939 1093 3008 de
1111 2936 1210 3010 missa
1228 2963 1290 3032 pro
1309 2940 1498 3012 fundatore
1516 2943 1686 3015 videlicet

351 3047 571 3143 Omnipotens
572 3048 782 3144 sempiterne
791 3047 891 3120 Deua
904 3050 1201 3148 misereresomali
1210 3055 1262 3123 tui
1272 3049 1470 3124 Abeondrt'
1479 3062 1547 3126 etc.
1562 3079 1687 3147 quam-

345 3163 407 3232 diu
424 3164 548 3231 vixero
566 3162 604 3230 in
622 3161 789 3232 humanis
816 3172 853 3233 et
874 3159 972 3234 Deua
998 3162 1096 3236 cuius
1122 3163 1354 3260 mffmcordie
1370 3174 1441 3235 etc.
1458 3163 1538 3258 post
1564 3190 1685 3238 meum

328 3276 485 3347 obitum
505 3314 513 3329 ·
533 3274 618 3365 xviij
639 3272 976 3365 Maijorecocmcr.
995 3285 1033 3347 et
1052 3277 1234 3347 Robertus
1253 3276 1355 3347 Vaus
1381 3288 1555 3349 executor
1571 3277 1687 3350 Alex-

345 3388 445 3456 andri
464 3384 686 3478 presentauit
705 3396 841 3457 cartam
860 3386 1017 3459 eiusdem
1035 3391 1124 3459 xxxi
1142 3388 1232 3482 Julij
1252 3410 1345 3459 scus
1365 3429 1372 3445 ·

346 3701 538 3816 Magister
556 3720 756 3793 Dunoanus
774 3723 927 3794 Sclrerar
944 3725 1201 3817 prebendarius
1218 3727 1263 3796 de
1282 3725 1365 3796 Clat
1383 3727 1483 3797 dedit
1500 3737 1687 3798 tenemen-

344 3850 423 3907 tum
442 3837 479 3904 in
498 3832 732 3905 vniuerdtate
750 3859 791 3906 ac
809 3859 972 3906 annuum
998 3838 1155 3907 reditum
1174 3861 1197 3906 x
1215 3836 1275 3907 sol.
1295 3840 1331 3907 in
1354 3841 1685 3932 augmentationem

344 3948 543 4044 capellanie
571 3947 608 4018 S·
627 3947 777 4019 Andree
795 3973 816 4019 a
835 3948 1032 4019 Laurentio
1059 3948 1153 4041 Pyot
1178 3950 1328 4020 fundate
1346 3991 1353 4006 ·
1374 3989 1381 4004 ·
1401 3991 1409 4007 ·
1429 3949 1580 4042 Insuper
1604 3953 1687 4023 fun-

345 4062 446 4133 dauit
474 4057 669 4129 bursarium
699 4062 735 4130 in
764 4084 859 4131 nouo
886 4060 1038 4154 collegio
1069 4061 1114 4130 de
1141 4060 1323 4131 nonnullis
1352 4064 1480 4131 annuis
1510 4063 1686 4134 reditibus

338 4173 466 4270 juneni
494 4167 653 4241 studenti
682 4174 719 4242 in
746 4174 884 4244 artibus
913 4175 958 4245 de
984 4170 1155 4267 sanguine
1179 4170 1241 4242 suo
1270 4171 1327 4243 vel
1355 4172 1459 4243 alteri
1485 4172 1596 4245 habili

345 4287 500 4360 Necnon
527 4284 627 4353 dedit
654 4287 810 4354 reditum
830 4310 879 4356 xx
897 4285 958 4357 sol.
978 4309 1073 4358 nouo
1099 4285 1251 4378 collegio
1268 4309 1331 4378 pro
1357 4284 1597 4358 anniuersario
1624 4288 1686 4357 liro

343 4395 559 4473 celebrando
576 4432 583 4447 ·
602 4397 666 4464 xxi
685 4394 811 4489 Martij
828 4419 933 4468 mor.
