4088 5430
345 595 416 665 364
861 589 1165 664 REGISTRUM
1527 593 1685 688 [sanum

411 788 488 860 'l'ha
504 788 622 861 hauch
640 788 682 859 of
693 787 802 883 bolgy
818 812 902 860 uum
918 798 1015 861 terra
1031 787 1189 862 eiusdem
1206 790 1363 866 limitata
1373 793 1391 886 j
1409 802 1568 864 aratrum
1589 831 1597 845 ·

347 895 524 973 affedatur
540 922 604 993 pro
623 923 693 971 nx·
710 902 739 972 ἔ·
759 901 794 971 in
814 923 908 972 auno
926 924 969 972 eo
987 902 1083 994 quod
1106 902 1151 974 da
1168 926 1264 974 nouo
1281 905 1328 976 ad
1352 903 1533 977 culturam
1556 902 1688 996 redigi-

347 1022 408 1084 tur
424 1011 611 1084 allocando
628 1015 783 1105 primum
801 1036 937 1085 annum
954 1035 1018 1107 pro
1036 1009 1304 1109 construitiona
1315 1013 1473 1088 eiusdem

866 1124 1028 1196 Roberto
1044 1123 1141 1196 Blak
1158 1167 1185 1203 ·,

399 1233 449 1305 Et
462 1231 514 1306 est
527 1236 726 1307 notandum
744 1236 840 1328 quod
853 1246 982 1309 tenens
994 1236 1155 1331 prefatus
1172 1237 1218 1309 da
1228 1236 1277 1309 lia
1290 1237 1408 1311 hanah
1418 1236 1601 1310 edificabit
1614 1245 1691 1307 tres

398 1345 447 1417 lie
457 1344 624 1418 outsettis
636 1345 756 1419 versus
768 1356 932 1420 montem
945 1344 1051 1420 castri
1064 1348 1110 1419 de
1124 1348 1371 1444 Dmmmynor
1382 1357 1422 1421 et
1435 1345 1577 1421 easdem
1588 1348 1695 1419 inha-

400 1459 507 1530 bitari
523 1459 632 1531 faciet
648 1483 712 1553 per
737 1457 773 1530 se
790 1469 854 1532 aut
879 1458 959 1532 suos
976 1461 1070 1532 infra
1093 1461 1178 1534 hinc
1195 1470 1235 1534 at
1259 1458 1391 1533 festum
1415 1455 1633 1556 pentecostis
1651 1461 1691 1529 in

401 1593 495 1642 anno
508 1567 794 1666 quingentesimo
807 1572 1020 1643 duodecimo
1031 1581 1069 1643 et
1079 1572 1148 1666 hijs
1159 1574 1410 1647 deficientibus
1419 1571 1538 1647 reator
1550 1573 1594 1643 da
1606 1559 1692 1643 (ilat

402 1682 549 1755 habebit
565 1679 781 1776 potestatem
799 1684 935 1757 domini
960 1685 1006 1756 ad
1022 1683 1212 1757 locandam
1229 1684 1292 1758 seu
1308 1682 1534 1758 alsedandam
1558 1685 1693 1755 diuam

401 1803 534 1866 terram
560 1795 605 1866 ad
628 1792 731 1865 suum
756 1795 1024 1889 beneplacitum
1052 1796 1212 1869 utilitate
1237 1808 1360 1869 tamen
1387 1798 1523 1869 domini
1554 1806 1593 1867 et
1619 1818 1694 1865 non

403 1907 490 1978 alias
507 1907 618 1979 nichil
636 1908 722 1978 inde
738 1905 911 1979 soluendo
928 1931 992 2002 per
1009 1908 1145 1979 diuum
1164 1908 1367 1981 Robertum
1385 1949 1393 1965 ·

354 2130 488 2204 Ardlar
504 2140 652 2203 tenetur
668 2132 713 2203 da
723 2133 872 2211 ‚domino
888 2129 1061 2204 soluendo
1079 2133 1164 2204 inde
1176 2135 1363 2206 annuatim
1382 2134 1491 2225 ·xxvj·
1506 2133 1534 2203 ἔ·
1554 2133 1637 2223 aiij·
1657 2128 1694 2202 d.

356 2355 624 2428 Summahnius
636 2355 750 2428 schira
764 2358 810 2428 de
823 2367 999 2428 terrarum
1050 2355 1202 2429 Summa
1218 2367 1409 2429 mutonum
1497 2412 1504 2426 .
1581 2356 1696 2448 xxiiij·

406 2471 517 2539 firmis
541 2468 681 2562 lxxxxj·
700 2468 761 2539 lib
782 2491 816 2540 x·
835 2471 863 2540 ἓ·
883 2469 946 2562 iiij·
964 2465 999 2539 d·
1052 2468 1203 2541 Summa
1219 2470 1393 2541 hedomm
1411 2492 1596 2562 caprarum
1622 2468 1694 2560 viij·

357 2580 508 2652 Summa
523 2577 678 2676 girsume
1052 2579 1204 2652 Summa
1229 2603 1404 2674 caponum
1430 2582 1491 2674 xij·
1518 2579 1696 2650 duodene-

358 2695 508 2765 Summa
525 2693 784 2788 bondagiorum
1051 2691 1202 2765 Summa
1235 2693 1450 2788 gallinarum
1485 2688 1698 2763 domestica-

732 2805 819 2899 xliij·
839 2808 867 2878 ἔ·
885 2807 946 2899 iiij·
966 2803 1001 2877 d·
1103 2829 1183 2876 rum
1278 2859 1285 2874 .
1387 2793 1446 2875 xa·
1465 2805 1632 2877 duodena
1651 2803 1698 2894 vj·

360 2917 511 2989 Summa
528 2918 658 2989 farrine
730 2971 738 2986 .
815 2920 877 3012 xij·
894 2917 1000 2989 bolle·
1053 2917 1204 2990 Summa
1219 2916 1433 3013 gallinarum
1451 2915 1642 2988 muralium

361 3029 512 3102 Summa
529 3025 632 3124 brafij
732 3081 741 3099 .
805 3031 876 3122 viij·
895 3030 1000 3102 bolla·
1431 3031 1502 3124 viij·
1520 3028 1697 3099 duodena·

317 3149 319 3153 ’
362 3141 513 3214 Summa
529 3166 725 3214 auenarum
764 3144 877 3235 xxiiij·
896 3143 1003 3214 bolle·
1055 3143 1207 3214 Summa
1223 3138 1402 3212 caseorum
1455 3196 1463 3211 .
1531 3141 1566 3233 ij·
1585 3148 1699 3231 petre·

362 3253 513 3326 Summa
528 3278 752 3348 porcorum.
853 3309 861 3324 .
972 3257 1001 3348 j·
1053 3254 1204 3325 Summa
1220 3262 1464 3325 aratrorum.
1541 3251 1701 3343 ‚xxvii

364 3366 513 3438 Summa
529 3378 751 3439 martarum·
854 3369 956 3460 .vij·
972 3392 1003 3465 3·

894 3696 1152 3768 Fnrfflauarn
1169 3740 1177 3755 ·

368 4175 432 4247 pro
450 4148 626 4241 bondagio
644 4170 727 4218 eum
744 4144 894 4217 seruitio
912 4188 920 4203 ·
940 4145 1007 4218 Set
1027 4147 1180 4239 quilibet
1206 4149 1379 4220 cottarius
1396 4149 1533 4220 habens
1557 4172 1703 4221 vaccam

368 4268 405 4336 in
423 4257 519 4331 diua
536 4257 621 4329 villa
638 4257 819 4329 edificabit
835 4257 893 4328 val
911 4258 1075 4330 edificare
1093 4259 1201 4330 faciat
1218 4283 1325 4331 vnam
1343 4260 1469 4333 rudam
1487 4261 1532 4333 da
1550 4260 1585 4332 le
1601 4261 1703 4333 fnuld

369 4397 432 4469 pro
458 4368 618 4463 qualibet
644 4391 752 4439 vaona
777 4409 784 4425 ·
814 4366 864 4440 Et
890 4379 1056 4441 tenentes
1082 4393 1147 4464 pro
1172 4381 1336 4463 tempore
1353 4369 1620 4465 respondebunt
1637 4396 1703 4465 pro

260 4518 262 4522 ·
369 4480 629 4558 habitatoribus
646 4479 841 4550 croftomm
860 4482 896 4551 in
914 4481 983 4575 hijs
1000 4504 1070 4573 que
1087 4482 1132 4553 ad
1150 4481 1404 4577 agriculturam
1423 4481 1584 4577 spe&ant
1602 4496 1640 4555 et
1659 4486 1706 4556 de
