4088 5430
368 630 468 725 m]
835 629 1240 703 anunuouuusu.
1638 642 1708 713 ara
1790 730 1794 739 Ι

367 830 487 903 Dauid
505 829 744 901 Andersoune
807 882 815 899 .
892 831 1004 921 iith
1056 829 1224 917 Donaldo
1243 829 1456 902 Andarsnne
1519 887 1526 901 .
1592 834 1653 924 iiij·
1672 832 1707 900 b.

365 943 522 1014 Jolranni
542 941 700 1014 Werrok
802 996 811 1011 .
887 943 948 1033 iiij·
966 943 1001 1011 b·
1055 941 1233 1013 Dunc'ano
1251 941 1465 1013 Andersona
1516 985 1523 999 ·
1587 946 1649 1036 iiij·
1668 945 1703 1013 b·

685 1166 840 1238 Glaucat
859 1209 867 1226 ·
885 1162 1062 1261 gressurna
1079 1167 1187 1259 axvj·
1207 1169 1235 1239 ἔ·
1255 1168 1338 1259 aiij·
1357 1165 1393 1238 ‹i-
1429 1142 1437 1160 ⁸

364 1277 542 1351 assedatur
576 1276 779 1372 prescriptis
812 1278 1022 1349 tenentibus
1050 1279 1095 1349 de
1123 1277 1275 1349 Balfour
1304 1279 1390 1350 ville
1420 1278 1570 1352 ecclesia
1600 1280 1702 1374 Kyn-

363 1394 503 1484 mninty
519 1390 728 1463 Tulisnaclrt
751 1401 789 1461 et
806 1390 1038 1462 Aucbinbala
1050 1414 1114 1483 pro
1133 1393 1239 1482 axvj·
1257 1392 1285 1460 ἔ·
1306 1392 1387 1482 ·viij·
1406 1389 1440 1461 d·
1460 1394 1497 1461 in
1515 1415 1611 1463 anno
1639 1419 1701 1486 pro

362 1499 504 1596 pastura
521 1503 729 1574 animalium
745 1544 752 1557 ·
1146 1514 1150 1519 ’

485 1728 667 1820 Arnetuly
685 1739 722 1799 et
738 1718 887 1798 'Artulie
904 1728 991 1798 hard
1010 1729 1033 1819 ij
1052 1737 1170 1799 aratra
1188 1772 1196 1787 ·
1214 1724 1391 1822 gressuma
1408 1730 1463 1822 ·vj·
1483 1729 1544 1799 lib·

359 1836 538 1911 alsedatur
553 1864 618 1934 pro
638 1841 691 1933 ·vj·
710 1839 772 1908 lib·
800 1842 837 1909 in
863 1862 957 1910 anno
983 1876 991 1893 ·
1015 1862 1085 1911 vna
1110 1850 1226 1911 marta
1252 1840 1390 1910 duobus
1417 1844 1626 1913 runtonibus
1651 1847 1697 1936 ·iJ'·

359 1954 457 2024 aucis
475 1953 529 2044 up·
546 1953 690 2047 gallinis
715 1955 745 2044 ·J'·
770 1953 805 2022 b
823 1950 1032 2023 vibtualium
1054 1953 1086 2044 ·j·
1110 1953 1145 2021 b·
1165 1975 1361 2023 auenarum
1386 1978 1468 2024 cum
1491 1955 1623 2047 pabulo
1641 1959 1697 2048 iij·

357 2184 526 2247 tenentes
553 2174 767 2270 infrascripti
803 2176 1023 2247 edificabunt
1053 2186 1092 2246 et
1120 2177 1341 2269 reparabunt
1366 2177 1618 2271 Hartulyhaed
1659 2184 1695 2251 in

357 2289 506 2380 editicija
532 2289 834 2360 conuenientibus
858 2288 952 2358 infra
974 2310 1108 2357 annum
1135 2284 1200 2360 sub
1226 2311 1320 2381 pena
1340 2286 1533 2359 omissionis
1550 2288 1693 2362 suamm

356 2395 614 2470 assedacionum
627 2438 634 2454 ·

680 2512 704 2583 J
707 2513 837 2584 obanni
857 2509 1034 2604 Lindusay
1139 2567 1146 2581 .
1250 2514 1321 2604 viij·
1340 2515 1372 2583 b

679 2625 837 2695 Jolranni
857 2621 1077 2695 Niclrolsone
1133 2679 1140 2694 .
1255 2625 1368 2716 iiij·r›

677 2737 854 2808 Dunrano
874 2734 1010 2807 Dolare
1136 2789 1144 2804 .
1256 2736 1318 2826 iiij·
1335 2737 1369 2806 b·

502 2963 756 3033 Molendinum
776 2959 934 3032 eiusdem
953 2984 1036 3031 cum
1055 2961 1171 3030 crofta
1188 3000 1195 3015 ·
1214 2956 1392 3053 grassuma
1410 2984 1479 3030 ux·
1498 2964 1524 3031 §-

354 3073 530 3147 all'edatur
561 3098 624 3167 pru
656 3096 727 3143 ·xx·
755 3073 788 3142 b
816 3074 914 3143 ordei
940 3096 1011 3143 nx·
1037 3073 1065 3143 ἔ·
1089 3073 1229 3165 argenti
1259 3094 1328 3140 vno
1359 3094 1467 3164 porco
1493 3071 1594 3164 pasto
1620 3080 1691 3169 ·xiJ'·

353 3190 547 3281 eaponibus
565 3228 572 3244 ·
591 3211 673 3259 cum
692 3184 956 3257 sustentatione
973 3180 1131 3256 eiusdem
1149 3182 1221 3254 suis
1239 3181 1440 3275 sumptibus
1459 3224 1466 3240 ·
1487 3196 1524 3254 et
1543 3187 1690 3259 habebit

352 3324 579 3371 communem
598 3297 779 3393 pasturam
797 3322 880 3369 cum
899 3296 1114 3368 animalibus
1133 3293 1202 3365 suis
1220 3292 1361 3365 solitam
1381 3305 1418 3365 et
1436 3294 1669 3370 consuetam·

903 3409 1022 3480 Dauid
1041 3403 1148 3477 Ross-

550 3579 698 3653 Brasina
715 3590 753 3649 et
771 3579 1006 3649 labrinacum
1025 3575 1169 3645 croftis·
1188 3570 1365 3669 gressuma
1382 3575 1441 3644 ·xl·
1460 3579 1489 3646 §-

351 3692 529 3767 assedatur
546 3718 609 3786 pro
629 3692 688 3763 ·xl·
707 3694 736 3764 ἔ·
755 3693 791 3760 in
809 3713 928 3760 auno·

823 3799 1013 3870 Willelmo
1031 3797 1202 3890 Smytht·

501 3971 722 4067 Megstratht
736 3971 759 4063 ij
772 3978 889 4040 aratra
906 4009 914 4024 ·
929 3962 1105 4062 gressuma
1123 3987 1166 4031 ·v·
1185 3964 1246 4034 lib·
1265 3968 1320 4057 ·vj·
1336 3969 1364 4037 ἔ·
1384 3969 1465 4059 ·viij·
1484 3966 1520 4038 d.

833 4105 915 4151 cum
936 4077 1141 4149 Mareuell·

350 4197 527 4271 assedatur
551 4222 614 4291 pro
640 4198 694 4289 ·vj·
719 4195 778 4265 lib
805 4194 888 4286 ·xiij·
914 4193 941 4262 ἓ·
969 4192 1031 4282 iiiJ'·
1056 4187 1090 4261 d·
1110 4213 1180 4261 vna
1201 4199 1316 4261 marta
1339 4192 1386 4284 ij·
1411 4195 1619 4266 mutonibus
1638 4198 1673 4290 ij

350 4316 447 4384 aucis
460 4315 490 4405 ·j·
507 4313 541 4382 b·
562 4308 769 4379 virtualium
788 4306 842 4397 ·vj·
862 4303 1005 4399 gallinis
1024 4305 1056 4396 ·j·
1074 4303 1109 4372 b
1127 4325 1323 4373 auenarum
1342 4300 1388 4399 ij·
1407 4304 1441 4373 b·
1460 4306 1557 4377 ordei
1576 4305 1634 4401 iij·
1665 4314 1683 4382 ἕ

350 4424 423 4521 ·iiij·
441 4422 475 4494 d·
493 4448 556 4517 pro
574 4422 750 4515 bomlagio
768 4442 850 4490 cum
868 4414 1027 4507 seruiaijs
1044 4425 1082 4485 et
1100 4411 1154 4509 ·vJ‘·
1172 4417 1339 4487 oneribus
1356 4418 1559 4511 lignomm·

799 4529 946 4599 Andree
964 4522 1247 4620 Elphinstoune·
