4088 5430
350 598 396 671 70
866 586 1171 662 REGISTRUM
1537 591 1688 687 [cacum

351 791 396 860 de
407 787 577 861 Aberden
592 798 631 860 et
642 788 687 859 de
697 785 810 858 Banff
816 782 1071 886 prepositisque
1081 795 1120 859 et
1130 785 1275 860 balliuis
1287 787 1482 883 burgorum
1493 789 1688 862 eorundem

349 900 502 973 salutem
518 940 528 959 ·
547 896 697 973 Constat
721 900 825 972 nobis
840 922 906 994 per
921 899 1140 971 relationem
1152 908 1191 971 et
1210 900 1414 972 iuramenta
1429 899 1689 996 fidedignorum

351 1015 448 1106 quod
463 1012 681 1085 reuerendus
701 1022 805 1107 pater
821 1009 1006 1106 episcopus
1023 1008 1289 1083 Aberdonensrs
1307 1021 1345 1083 et
1362 1010 1621 1106 predecessores
1636 1011 1689 1086 sui

351 1124 504 1219 episcopi
528 1123 686 1198 eiusdem
709 1125 857 1196 suerunt
873 1126 911 1195 in
927 1119 1135 1216 possessione
1159 1124 1380 1218 percipiendi
1396 1134 1436 1196 et
1452 1133 1690 1220 perceperunt

352 1232 524 1309 secundas
548 1238 705 1309 decimas
727 1237 910 1308 firmarum
933 1232 1133 1307 nostrarum
1150 1245 1189 1308 et
1206 1236 1414 1310 reddituum
1438 1237 1689 1334 thanagiorum

352 1346 552 1421 nostrorum
569 1360 745 1420 terrarum
766 1347 960 1443 burgorum
977 1347 1159 1419 firmarum
1176 1359 1215 1419 et
1231 1346 1451 1420 escaetarum
1467 1351 1560 1423 infra
1578 1351 1689 1422 distos

353 1464 625 1534 vicecomitatns
648 1461 693 1532 de
710 1458 883 1531 Aberden
904 1471 943 1532 et
964 1460 1010 1530 de
1026 1458 1140 1531 Banff
1159 1461 1448 1555 contingentium
1463 1485 1530 1556 por
1545 1470 1688 1534 tantum

353 1584 498 1667 tempus
526 1575 628 1646 cuius
657 1573 829 1644 memoria
860 1572 1046 1644 hominum
1080 1594 1154 1643 non
1187 1570 1346 1645 existit·
1375 1572 1497 1659 Quare
1522 1574 1623 1647 vobis
1651 1585 1689 1647 et

353 1687 502 1758 cuilibet
519 1683 676 1758 vestrum
692 1684 844 1756 firmiter
865 1684 1095 1777 precipiendo
1112 1683 1324 1756 mandamns
1340 1687 1510 1777 quatinus
1527 1683 1690 1782 episcopo

254 1846 257 1851 -
353 1794 602 1871 Aberdonensr
627 1797 787 1891 proditio
803 1793 976 1867 secundas
1000 1796 1156 1869 decimas
1181 1795 1359 1890 precisas
1383 1797 1491 1891 plene
1507 1800 1552 1871 de
1569 1809 1690 1872 cetero

354 1924 392 1986 et
409 1911 560 1983 indilate
582 1909 736 2004 persolui
759 1910 899 1980 faciatis
916 1930 1095 1980 vnacum
1121 1910 1307 2004 arreragiis
1319 1909 1504 1982 disiacum
1521 1908 1692 1985 secunda-

353 2047 434 2095 rum
451 2024 670 2095 decimarum
696 2021 828 2092 debitis
850 2020 895 2090 de
912 2022 1134 2114 temporibus
1157 2022 1344 2093 retroattis
1362 2062 1371 2080 ·
1391 2021 1451 2095 Ita
1473 2032 1513 2095 vt
1537 2023 1692 2118 amplius

354 2138 439 2208 inde
459 2135 727 2228 queremonium
752 2155 824 2203 non
848 2133 1062 2205 audiamus·
1081 2132 1125 2204 In
1152 2135 1254 2205 cuius
1279 2136 1331 2206 rei
1356 2131 1603 2208 testimonium
1627 2137 1691 2210 bas

354 2250 477 2321 literas
493 2241 629 2318 nostrus
646 2268 757 2339 penes
781 2245 963 2337 prefatum
981 2242 1185 2339 episcopum
1209 2246 1431 2319 remansuras
1447 2247 1524 2320 fieri
1542 2250 1691 2322 fecimus

352 2366 520 2456 patentes
545 2359 640 2452 apud
667 2353 832 2430 Castrum
857 2357 903 2428 de
927 2356 1142 2453 Kyndromy
1159 2359 1299 2430 decimo
1322 2372 1450 2452 quarto
1476 2362 1534 2433 die
1554 2359 1692 2457 Aprilis

352 2484 391 2546 et
414 2470 479 2544 sub
504 2469 619 2565 srgillo
643 2467 764 2541 nostro
788 2471 931 2562 priuato
956 2493 1051 2542 anno
1076 2472 1192 2565 gratie
1221 2468 1411 2543 millesimo
1437 2470 1692 2561 trecentesrmo

353 2579 621 2679 quadragesimo
638 2578 797 2654 secundo
811 2590 850 2653 et
865 2583 967 2676 regni
984 2578 1094 2654 nostri
1111 2582 1252 2655 decimo
1269 2584 1378 2655 tertio
1395 2624 1406 2644 ·
1443 2630 1447 2637 -

353 2924 464 2996 Carta
492 2919 611 2993 David
625 2919 739 3019 ,regis
771 2917 818 2988 de
852 2913 1096 3013 distringendo
1129 2927 1244 2991 terras
1273 2926 1312 2992 et
1344 2916 1570 3015 possessiones
1603 2946 1691 3016 quas

352 3036 518 3107 dominus
535 3028 719 3125 episcopus
736 3026 1002 3104 Aberdonensis
1027 3031 1178 3124 probare
1199 3028 1318 3124 potest
1335 3030 1400 3105 fibi
1417 3035 1533 3106 teneri
1550 3036 1595 3108 ad
1612 3038 1692 3109 red·

352 3148 468 3220 ditum
486 3144 544 3217 vel
561 3138 767 3238 pensionem
785 3181 796 3203 ·

353 3348 488 3446 David
506 3368 577 3441 Dei
601 3368 717 3464 gratia
739 3389 803 3438 rex
821 3364 1029 3440 Scottorum
1046 3365 1321 3439 vicecomitibus
1337 3367 1382 3439 de
1398 3365 1572 3441 Aberdcn
1588 3380 1628 3442 et
1645 3371 1691 3444 de

350 3483 463 3557 Banff
484 3481 637 3554 salutem
655 3521 664 3538 ·
683 3479 800 3552 Vobis
824 3478 1053 3572 precipiendo
1082 3478 1294 3550 mandamus
1319 3482 1489 3572 quatinus
1514 3494 1628 3554 terras
1652 3494 1691 3556 et

350 3592 573 3692 possessiones
590 3616 677 3686 quas
694 3593 860 3662 dominus
877 3589 1063 3684 episcopus
1075 3587 1343 3663 Aberdonensis
1360 3591 1523 3687 legitime
1540 3595 1690 3688 probare

349 3704 467 3802 potest
480 3703 543 3777 fibi
561 3716 598 3777 et
616 3700 763 3776 ecclesrc
779 3699 841 3774 sue
857 3704 974 3773 teneri
990 3703 1036 3775 ad
1053 3712 1194 3774 certum
1211 3702 1394 3775 redditum
1408 3704 1468 3777 vel
1483 3700 1689 3799 pensionem

349 3843 505 3893 annuam
529 3815 739 3912 distringere
763 3815 903 3887 faciatis
920 3810 1103 3907 quousque
1121 3814 1166 3885 de
1183 3814 1277 3885 urso
1302 3815 1448 3887 redditu
1465 3826 1505 3888 et
1520 3813 1689 3911 pensione

347 3932 487 4025 prefato
512 3930 657 4000 domino
682 3926 847 4021 episcopo
864 3950 934 3998 vna
959 3949 1043 3998 cum
1068 3928 1253 4021 arreragiis
1278 3926 1384 4020 plene
1408 3928 1520 4001 suerit
1538 3925 1698 4005 satisfac..

347 4041 635 4114 tun1·lncuius
657 4041 709 4111 rei
734 4036 980 4112 testimonium
1004 4034 1187 4131 presentes
1213 4038 1336 4110 literas
1357 4035 1422 4110 fibi
1440 4040 1517 4112 fieri
1538 4042 1689 4116 fecimus

348 4163 515 4248 petentes
527 4152 621 4244 apud
634 4150 847 4244 Kyndromy
859 4144 1028 4245 vigesimo
1041 4146 1194 4241 septimo
1208 4150 1267 4221 die
1280 4146 1412 4222 mensis
1425 4150 1582 4249 Augusti
1595 4176 1690 4226 anno

347 4265 448 4359 regni
465 4259 575 4334 nostri
593 4263 732 4335 decimo
749 4271 876 4356 quarto
893 4300 903 4323 ·
