4058 5430
334 622 405 689 coo
699 564 704 587 ⁵
852 611 1156 687 nncrsnnuor
1520 616 1687 711 [secum

335 836 461 886 eorum
484 812 661 885 balliuum
678 855 686 870 ·
706 854 714 869 ·
734 854 742 869 ·
761 808 1024 884 constituerunt
1042 813 1088 884 ad
1108 812 1330 884 reddendum
1348 814 1451 885 didio
1477 816 1687 908 capellanis

337 968 344 982 ·
365 970 372 984 ·
393 969 401 984 ·
420 921 664 1020 posselfionem
682 967 690 982 ·
710 967 718 982 ·
738 967 746 982 ·
766 925 941 996 didcarum
967 934 1144 997 terrarum
1162 966 1170 981 ·
1190 966 1198 981 ·
1218 964 1226 981 ·
1245 947 1317 996 non
1335 927 1583 998 renunciando
1601 927 1688 1022 pos-

335 1035 476 1111 seffioni
499 1080 507 1095 ·
527 1080 535 1095 ·
555 1078 562 1094 ·
582 1038 669 1109 alias
694 1037 765 1109 illio
791 1039 836 1109 de
861 1060 981 1109 annuo
1006 1037 1152 1109 redditu
1177 1038 1329 1109 duarum
1352 1061 1553 1110 marcamm
1582 1042 1688 1113 diste

337 1146 486 1222 ecclesie
504 1192 512 1207 ·
532 1192 540 1206 ·
560 1190 568 1206 ·
588 1150 710 1221 debito
728 1151 773 1221 de
791 1149 893 1220 dictis
918 1152 1023 1221 terrio
1041 1191 1049 1206 ·
1069 1191 1077 1205 ·
1097 1190 1105 1205 ·
1126 1147 1243 1243 Super
1268 1149 1397 1241 quibus
1422 1152 1594 1224 omnibus
1612 1193 1621 1209 ·
1641 1194 1651 1209 ·
1675 1196 1684 1210 ·

336 1262 523 1333 Johanneo
540 1263 586 1332 de
601 1261 722 1334 Janua
738 1284 830 1332 vnuo
849 1261 1115 1355 capellanorum
1140 1262 1236 1332 dicte
1262 1259 1409 1333 ecclesie
1435 1271 1473 1333 et
1498 1287 1545 1334 ex
1573 1276 1687 1357 parte

336 1374 488 1446 aliorum
514 1372 780 1468 capellanorum
806 1415 814 1430 ·
843 1416 850 1430 ·
879 1416 886 1430 ·
913 1374 1020 1466 petijt
1044 1371 1229 1465 publicum
1256 1369 1558 1445 instrumentum·
1583 1377 1689 1449 Asta

338 1496 442 1558 erant
466 1486 533 1557 hec
558 1488 597 1556 in
621 1481 770 1557 ecclesia
795 1485 992 1557 cathedrali
1016 1485 1176 1577 predidca
1196 1525 1204 1541 ·
1228 1526 1234 1541 ·
1259 1527 1267 1542 ·
1291 1483 1513 1577 presentibus
1538 1487 1687 1559 ibidem

338 1640 347 1656 ·
366 1641 375 1656 ·
395 1641 403 1655 ·
423 1597 600 1669 Duncano
619 1597 784 1692 Lychton
808 1598 1046 1669 cancellario·
1067 1597 1270 1689 Farquardo
1288 1596 1420 1669 Caldor
1436 1618 1444 1654 ι
1463 1606 1501 1669 et
1520 1598 1686 1672 Valtero

339 1710 437 1804 Ydyl
454 1709 597 1781 officiali
614 1704 862 1781 Aberdonenll
880 1750 888 1765 ·
907 1709 932 1780 J
934 1711 1074 1780 ohanne
1091 1709 1172 1780 Bek
1190 1751 1198 1765 ·
1215 1708 1402 1781 Willelmo
1417 1709 1537 1783 Vocat
1556 1712 1687 1805 capel-

338 1822 429 1893 lania
447 1864 454 1878 ·
474 1832 512 1894 et
530 1821 679 1894 Andrea
696 1821 841 1914 Patricij
861 1863 868 1878 ·

338 2159 447 2231 Carta
463 2159 487 2230 J
489 2159 639 2230 ohannis
656 2157 891 2230 Crukl'chank
909 2159 954 2228 de
973 2202 980 2216 ·
999 2181 1023 2228 x
1043 2202 1050 2216 -
1069 2157 1187 2229 solidis
1205 2200 1213 2214 ·

335 2361 367 2457 J
373 2386 533 2455 ohannes
550 2378 782 2452 Crnkschauk
809 2377 991 2474 burgensis
1016 2381 1119 2475 burgi
1146 2383 1191 2453 de
1207 2382 1380 2454 Aberden
1399 2423 1407 2439 ·
1426 2424 1434 2438 ·
1454 2424 1462 2439 ·
1484 2382 1683 2459 Noueritia

336 2521 422 2568 me·
442 2538 450 2552 ·
470 2536 478 2551 ·
497 2487 691 2564 vendidille
709 2533 717 2547 ·
736 2534 745 2548 ·
764 2534 772 2549 ·
792 2492 953 2563 Roberto
979 2491 1109 2564 Cullan
1135 2491 1299 2589 burgensi
1326 2494 1409 2564 diui
1435 2495 1537 2591 burgi
1561 2519 1681 2571 vnum

336 2628 498 2681 annuum
522 2605 704 2676 redditum
731 2606 856 2676 decem
881 2602 1098 2674 solidorum·
1124 2647 1131 2661 ·
1158 2647 1166 2661 ·
1191 2605 1411 2677 leuandum·
1433 2646 1469 2662 ··
1489 2608 1534 2677 de
1559 2608 1679 2681 fundo

335 2732 432 2793 terre
449 2741 531 2790 mee
549 2739 630 2788 cum
649 2726 727 2787 orto
744 2718 895 2788 iacentis
912 2717 1005 2787 infra
1022 2717 1156 2787 didcum
1173 2718 1325 2812 burgum
1344 2719 1381 2788 in
1399 2720 1477 2790 vico
1494 2720 1680 2795 inferioris

337 2828 485 2905 ecclesie
514 2852 562 2900 ex
588 2824 732 2899 australi
761 2825 901 2922 [parte]
934 2826 1092 2900 eiusdem
1119 2832 1189 2901 vici
1217 2832 1314 2901 inter
1339 2841 1470 2902 terram
1495 2832 1677 2905 heredum

337 2944 518 3038 quondam
536 2939 716 3011 Willelmi
735 2937 927 3014 merason
944 2964 991 3011 ex
1008 2954 1110 3033 parte
1127 2942 1341 3013 occidentali
1370 2941 1454 3038 [ex]
1481 2954 1584 3036 parte
1603 2969 1679 3018 vna

337 3067 375 3128 et
392 3076 622 3126 communem
639 3051 818 3122 venellam
845 3054 979 3146 regiam
997 3076 1042 3124 ex
1059 3064 1162 3146 parte
1184 3055 1349 3124 orientali
1368 3078 1413 3125 ex
1430 3066 1531 3148 parte
1556 3055 1677 3129 altera

335 3177 444 3264 prout
457 3166 493 3237 se
505 3165 671 3236 extendit
688 3166 724 3233 in
742 3164 969 3258 longitudine
986 3188 1008 3234 a
1024 3167 1204 3236 communi
1219 3168 1276 3236 via
1289 3168 1385 3260 regia
1397 3164 1515 3237 versus
1533 3168 1675 3240 boriam

335 3279 445 3373 vsque
463 3279 506 3349 ad
525 3286 722 3347 torrentem
741 3277 992 3346 decurrentem
1009 3278 1104 3347 inter
1121 3278 1250 3348 dictam
1269 3288 1400 3348 terram
1417 3302 1533 3348 meam
1548 3292 1585 3349 et
1600 3292 1676 3352 ter-

335 3416 412 3465 ram
439 3389 619 3482 quondam
636 3386 812 3457 lobannis
838 3387 947 3458 Clerk
975 3385 1093 3458 versus
1118 3385 1275 3459 austrum
1300 3412 1364 3481 pro
1391 3390 1542 3481 quadam
1570 3406 1675 3466 certa

336 3506 474 3575 summa
499 3501 652 3593 pecunie
677 3522 783 3590 quam
811 3500 989 3592 predictus
1007 3499 1187 3571 Robertus
1212 3501 1320 3570 michi
1344 3543 1352 3556 ·
1378 3542 1385 3556 ·
1412 3543 1420 3557 ·
1444 3498 1675 3594 persoluebat

337 3658 344 3674 ·
364 3658 372 3673 ·
393 3658 400 3672 -
420 3613 531 3708 Apud
557 3654 565 3668 ·
593 3654 601 3669 ·
630 3610 829 3682 ·Aberden
847 3614 908 3682 xiv
925 3611 1062 3704 Aprilis
1088 3636 1181 3683 anno
1200 3611 1348 3683 Domini
1368 3633 1643 3688 moccenxmn
1665 3661 1674 3676 ·

335 3726 501 3800 'Postibus
517 3747 563 3794 ex
581 3723 839 3794 deliberatione
857 3727 1058 3795 communis
1075 3721 1208 3816 confilij
1228 3726 1313 3795 dicti
1335 3726 1437 3819 burgi
1456 3725 1534 3815 vi3·
1554 3726 1676 3801 Alex-

337 3841 447 3910 andro
465 3839 510 3908 de
527 3836 678 3907 Camera
695 3836 833 3905 iuniore
851 3876 858 3891 ·
879 3836 1015 3907 Thoma
1033 3837 1185 3930 Benyng
1211 3839 1362 3907 tinitore
1380 3878 1387 3892 ·
1408 3836 1564 3908 Patricio
1583 3839 1678 3913 Cul-

337 3974 401 4043 par
422 3991 429 4005 ·
454 3949 614 4019 Roberto
633 3945 794 4040 Gillespy
818 3944 931 4018 scriba
956 3952 1137 4020 communi
1164 3951 1245 4019 didi
1273 3950 1374 4043 burgi
1403 3990 1410 4004 ·
1438 3957 1475 4019 et
1500 3948 1677 4028 Johanne

336 4059 506 4153 Tulydaff
517 4082 586 4129 vno
604 4057 867 4152 sergiandorum
887 4101 894 4114 ·
