4088 5430
354 626 460 720 xiia]
819 628 1219 701 ABER-DONENSE.
1636 641 1684 712 27

351 836 452 918 parte
470 826 632 897 orientali
649 848 760 920 penes
778 826 912 898 dictum
927 824 1140 921 Episcopum
1158 840 1196 899 et
1213 830 1410 922 capitulum
1427 852 1491 922 pro
1507 838 1610 922 parte
1623 830 1685 902 sua

351 947 560 1009 remanente
570 977 579 992 ·
589 948 627 1010 et
638 946 739 1031 parte
749 938 962 1009 occidentali
974 962 1083 1030 penes
1095 938 1208 1012 diblos
1219 939 1402 1012 Abbatem
1413 950 1452 1011 et
1462 949 1682 1012 conuentum

351 1072 414 1142 pro
431 1072 555 1120 eorum
581 1060 681 1143 parte
706 1058 914 1121 remanente
932 1092 939 1106 ·
958 1052 1011 1120 ito
1027 1052 1195 1123 videlicet
1212 1054 1306 1144 quod
1324 1052 1475 1145 quilibet
1496 1075 1619 1123 eorum
1637 1053 1683 1123 de

350 1159 412 1231 sua
435 1171 537 1254 parte
554 1162 661 1232 faciat
682 1162 720 1231 in
737 1171 950 1254 perpetuum
976 1163 1069 1253 quod
1095 1159 1160 1233 libi
1184 1164 1314 1234 melius
1330 1164 1460 1235 viderit
1485 1164 1680 1256 expedire·

352 1272 396 1341 In
411 1274 511 1344 cuius
527 1276 579 1344 rei
596 1271 840 1344 testimonium
853 1276 913 1345 vni
932 1277 1024 1366 parti
1040 1271 1141 1344 istius
1155 1273 1272 1369 scripti
1291 1278 1327 1346 in
1345 1276 1492 1346 modum
1510 1275 1682 1369 cirograffi

351 1386 501 1457 confecti
528 1382 695 1457 residenti
721 1409 830 1478 penes
856 1387 990 1457 dictum
1010 1384 1195 1456 Abbatem
1220 1396 1258 1457 et
1284 1396 1505 1458 conuentum
1530 1383 1682 1479 appensa

351 1496 432 1567 sunt
445 1495 559 1593 sigilla
572 1498 657 1568 dicti
675 1497 837 1590 Episcopi
853 1510 891 1569 et
903 1497 1050 1591 capituli
1068 1504 1106 1567 et
1123 1497 1228 1568 alteri
1244 1501 1336 1591 parti
1354 1500 1555 1569 remanenti
1572 1521 1682 1590 penes

351 1612 505 1681 eundem
523 1607 737 1703 Episcopum
754 1618 792 1680 et
809 1610 1006 1704 capitulum
1033 1604 1145 1703 sigilla
1169 1609 1344 1680 ditiorum
1362 1608 1517 1681 Abbatis
1539 1621 1578 1680 et
1599 1633 1683 1681 con·

350 1732 481 1792 uentus
506 1719 589 1792 sunt
614 1716 771 1814 apposita
794 1762 802 1778 ·
825 1717 989 1793 Testibus
1014 1719 1156 1790 domino
1183 1719 1346 1792 Galfrido
1372 1721 1617 1792 archidiacono
1643 1732 1681 1792 et

349 1829 524 1926 magistris
546 1832 712 1903 Waltero
738 1833 783 1903 de
809 1832 1007 1926 Baltrodyn
1033 1872 1041 1889 ·
1067 1831 1209 1926 Rogero
1236 1833 1280 1903 de
1307 1830 1451 1925 Dereby
1472 1842 1510 1903 et
1536 1833 1681 1904 domino

350 1943 504 2015 Ricardo
525 1946 656 2015 vicario
682 1945 727 2015 de
749 1944 919 2016 Abcrden
943 1946 1121 2015 canonicis
1144 1944 1351 2015 Aberdonie
1372 1982 1379 1998 ·
1402 1943 1610 2015 Alexandro
1637 1946 1681 2016 de

351 2055 550 2149 Rewburg·
566 2054 727 2127 Roberto
741 2050 861 2127 Russel
874 2093 882 2111 ·
896 2065 935 2126 et
946 2055 1135 2126 Willelmo
1147 2053 1339 2127 senescallo
1353 2057 1528 2127 dittorum
1542 2057 1681 2128 abbatis

351 2178 388 2237 et
406 2178 606 2239 conuentus
624 2209 631 2225 ·
651 2176 690 2239 et
706 2167 784 2239 aliis
803 2208 811 2224 ·

352 2503 473 2574 Litera
489 2503 688 2575 Alexandri
705 2505 799 2598 regis
817 2504 861 2574 de.
878 2499 1041 2594 hospiciis
1059 2513 1096 2574 ct
1114 2498 1307 2596 liostilagiis
1324 2501 1477 2597 episcopi
1495 2546 1503 2559 ·

349 2702 570 2799 Alexander
591 2726 661 2797 Dei
687 2728 801 2820 gratia
825 2748 889 2795 rex
914 2723 1121 2796 Scottomm
1143 2726 1413 2797 vicecomitibus
1438 2723 1622 2819 prepositis
1643 2738 1680 2798 et

349 2842 477 2911 ceteris
506 2839 649 2910 balliuis
678 2835 749 2908 suis
778 2861 824 2908 ex
855 2835 1048 2928 aquilonali
1077 2844 1179 2929 parte
1211 2839 1319 2909 maris
1349 2837 1473 2910 Scotie
1502 2837 1679 2910 salutem·

350 2952 567 3023 Mandamus
581 2952 680 3020 vobis
693 2951 843 3020 firmiter
855 2949 1091 3040 precipientes
1105 2949 1274 3038 quatinus
1292 2972 1355 3041 per
1368 2951 1496 3042 probos
1508 2960 1547 3021 et
1558 2949 1681 3020 fideles

349 3066 509 3134 homines
525 3063 738 3134 balliuarum
751 3058 947 3131 vestrarum
965 3059 1155 3153 diligenter
1171 3071 1209 3130 et
1225 3059 1381 3131 fideliter
1397 3062 1527 3152 inquiri
1544 3062 1682 3132 faciatis

349 3200 419 3267 que
435 3174 518 3245 sunt
544 3173 697 3267 hospicia
718 3182 757 3244 et
776 3169 962 3266 hostilagia
978 3170 1190 3242 venerabilis
1214 3174 1326 3263 patris
1350 3168 1503 3265 episcopi
1519 3171 1683 3243 Aberdo-

350 3284 466 3358 nensis
484 3288 541 3358 vel
567 3289 612 3356 de
638 3288 714 3357 iure
739 3296 777 3355 et
801 3287 940 3356 ratione
958 3280 1026 3353 esse
1044 3281 1178 3353 debent
1200 3292 1276 3351 tam
1302 3285 1339 3353 in
1365 3284 1486 3377 burgis
1511 3305 1618 3374 quam
1643 3286 1680 3353 in

350 3402 477 3470 ceteris
502 3399 668 3470 maneriis
693 3392 874 3468 nostriset
892 3418 962 3487 que
979 3417 1042 3487 per
1058 3394 1188 3464 didtam
1209 3389 1474 3485 inquisitionem
1491 3393 1682 3487 diligenter

350 3524 387 3581 et
412 3511 566 3582 fideliter
591 3511 718 3580 sudeam
744 3506 806 3578 sua
830 3503 898 3578 esse
924 3505 1130 3577 inveneritis
1158 3501 1288 3575 eisdem
1315 3503 1427 3598 ipsum
1455 3506 1610 3599 gaudere
1636 3505 1681 3575 de

350 3634 469 3694 cetero
486 3622 624 3693 faciatis
639 3661 646 3676 ·
663 3617 768 3690 Teste
782 3619 901 3689 Alano
915 3615 1095 3688 llostiario
1109 3655 1116 3672 ·
1131 3615 1298 3709 Eymerio
1316 3617 1361 3687 de
1374 3615 1549 3687 Maxwell
1566 3640 1681 3688 caine-

350 3738 440 3805 rario
458 3772 465 3789 ·
483 3733 576 3826 apud
595 3729 788 3823 Inuemyss
797 3731 936 3801 decimo
953 3731 1077 3800 octavo
1095 3730 1152 3800 die
1170 3723 1326 3821 Augusti
1344 3751 1437 3799 anno
1455 3730 1554 3821 regni
1572 3725 1679 3798 nostri

351 3847 560 3916 duodecimo
579 3883 587 3898 ·

355 4177 409 4248 De
427 4171 682 4248 sustentatione
703 4170 971 4247 necessariorum
992 4168 1138 4243 ecclesie
1155 4173 1367 4245 cathedralis
1384 4169 1668 4246 Aberdonensis·

354 4377 544 4474 Omnibus
566 4400 682 4472 santte
706 4400 831 4472 matris
852 4392 999 4468 ecclesie
1015 4394 1098 4467 filiis
1123 4391 1267 4490 presens
1291 4399 1462 4491 scriptum
1479 4395 1603 4470 visuris
1625 4397 1682 4467 vel

353 4514 527 4585 audituris
538 4512 712 4585 Ricardus
726 4508 951 4582 miseratione
964 4507 1086 4579 diuina
1095 4502 1242 4579 ecclesie
1251 4506 1515 4583 Aberdouensia
1526 4504 1686 4582 minister
