4088 5430
347 612 416 688 176
863 603 1168 677 REGISTRUM
1536 606 1689 700 [sucum

347 807 398 878 Et
415 806 494 901 Ego
512 804 722 876 Alexander
739 804 784 874 de
801 802 1017 897 Kyndeloch
1035 805 1227 874 canonicus
1245 800 1424 876 subscribo
1441 843 1449 859 ·

348 918 397 989 Et
415 919 493 1013 Ego
511 916 692 989 Robertus
710 915 825 1009 Boyle
843 928 968 987 cantor
985 912 1164 986 subscribo
1181 939 1241 986 me
1259 912 1490 987 consenciens
1509 958 1516 973 ·

348 1028 399 1100 Et
416 1029 494 1125 Ego
513 1028 723 1099 Willelmus
742 1026 846 1122 Lang
862 1030 1055 1100 canonicus
1072 1024 1251 1099 subscribo
1270 1067 1278 1083 ·

348 1141 398 1212 Et
416 1139 494 1235 Ego
512 1140 722 1212 Alexander
738 1141 784 1211 de
802 1139 1011 1234 Dalgarnok
1029 1141 1221 1211 canonicus
1238 1137 1417 1211 subscribo
1435 1179 1442 1195 ·

349 1477 548 1548 Concordia
569 1479 664 1548 inter
681 1478 866 1546 dominum
891 1475 1093 1569 episcopum
1113 1476 1408 1548 Aberdonensem
1428 1487 1466 1547 et
1482 1476 1688 1547 Johannem

349 1590 394 1659 de
413 1589 547 1660 Forbes
566 1629 574 1644 ·

347 1791 539 1887 Viccsrmo
556 1815 614 1884 die
631 1809 762 1884 menfis
780 1808 935 1906 Augusti
954 1836 1048 1883 anno
1067 1811 1217 1882 Domini
1234 1809 1421 1883 millesimo
1440 1807 1690 1884 trecentesimo

348 1923 560 2021 otiogefimo
586 1924 738 2018 septimo
764 1925 930 1994 dominus
948 1922 1160 1995 Alexander
1177 1922 1302 1995 Fraser
1324 1925 1428 1995 miles
1454 1927 1618 1996 dominus
1644 1924 1690 1994 de

348 2040 487 2111 Filorth
498 2041 699 2110 vicecomes
712 2038 757 2107 de
768 2036 941 2107 Aberden
954 2036 978 2107 J
980 2036 1139 2106 ohannes
1151 2035 1252 2106 Keth
1267 2037 1433 2106 dominus
1452 2037 1496 2107 de
1508 2036 1690 2130 Inuerugy

346 2150 501 2223 Thomas
516 2150 640 2223 Fraser
658 2151 703 2220 de
717 2149 901 2220 Corneton
914 2147 939 2218 J
941 2148 1100 2218 ohannes
1115 2146 1143 2216 F
1145 2147 1238 2218 raser
1255 2148 1300 2217 de
1314 2148 1341 2217 F
1343 2148 1466 2243 orglen
1480 2147 1691 2219 Alexander

348 2265 392 2334 de
416 2263 534 2356 Irwyn
556 2260 769 2333 Alexander
794 2260 839 2329 de
866 2259 1109 2352 Strathachyn
1137 2260 1314 2331 Patricius
1340 2259 1520 2354 Kennedy
1536 2261 1691 2331 Thomas

349 2375 386 2445 N
389 2396 452 2467 ory
468 2383 571 2467 pater
589 2373 788 2444 Duncanus
805 2371 900 2441 lilius
914 2370 1025 2464 Dolfy
1039 2371 1215 2442 Ricardus
1233 2373 1277 2442 de
1290 2370 1485 2466 Turphyky
1499 2373 1627 2466 Augus
1645 2374 1690 2443 de

348 2486 549 2579 Balnacrag
564 2485 749 2555 lohannes
767 2485 812 2554 de
831 2478 1008 2576 Helmissy
1021 2482 1206 2554 lohannes
1223 2484 1318 2554 filius
1332 2524 1339 2539 ·
1355 2525 1363 2540 ·
1379 2524 1386 2540 ·
1404 2526 1411 2540 ·
1432 2485 1579 2555 Finlaus
1596 2485 1691 2555 lilius

350 2598 512 2691 Mauchy
543 2596 719 2666 Morioius
753 2596 848 2667 lilius
876 2594 1034 2666 Walteri
1065 2597 1125 2687 qui
1156 2595 1261 2667 eletti
1291 2620 1356 2689 per
1385 2597 1622 2667 reuerendum
1653 2599 1689 2667 in

349 2706 490 2780 Christo
524 2721 664 2802 patrem
695 2707 816 2779 Adam
851 2709 896 2778 de
924 2707 1200 2801 Tynniughame
1234 2706 1305 2778 Dei
1338 2710 1453 2802 gratia
1486 2706 1690 2800 episcopum

348 2820 644 2892 Aberdonensem
661 2844 707 2890 ex
722 2844 791 2891 vna
808 2830 910 2913 parte
924 2830 961 2890 et
975 2818 1179 2889 Johannem
1194 2820 1238 2890 de
1253 2819 1282 2889 F
1284 2821 1387 2890 orbes
1401 2821 1585 2890 dominum
1600 2817 1691 2890 eius-

350 2936 432 3005 dem
450 2958 496 3005 ex
515 2934 629 3005 altera
650 2934 890 3004 communiter
908 2933 953 3002 de
971 2928 1212 3002 controuersia
1237 2944 1336 3003 mota
1361 2933 1457 3003 inter
1473 2954 1534 3002 eos
1552 2933 1690 3002 ratione

350 3046 506 3117 limitum
534 3056 708 3116 terrarum
737 3043 877 3115 suarum
903 3047 1009 3115 iurati
1038 3041 1279 3136 deposuerunt
1301 3045 1396 3134 quod
1422 3054 1500 3115 tota
1525 3055 1620 3117 terra
1646 3046 1691 3114 de

351 3155 663 3253 Lurgyndaspokis
689 3159 784 3228 inter
809 3157 944 3227 riuulos
970 3157 1015 3226 de
1042 3155 1242 3227 Condiland
1271 3165 1308 3225 et
1335 3156 1501 3227 Cocburn
1527 3181 1548 3228 a
1573 3160 1691 3250 capite

350 3268 459 3363 vsque
476 3271 521 3342 ad
542 3271 671 3362 pedem
690 3280 728 3340 et
745 3280 840 3339 terre
858 3270 903 3338 de
919 3264 1199 3361 Tulochcolseuy
1217 3281 1319 3340 erant
1338 3271 1374 3338 in
1393 3270 1574 3340 communi
1596 3271 1693 3340 iuter

350 3385 485 3454 dietum
512 3379 716 3475 episcopum
734 3378 1029 3452 Aberdonensem
1048 3390 1086 3450 et
1103 3380 1305 3452 Johannem
1329 3382 1374 3451 de
1392 3381 1526 3452 Forbes
1551 3390 1692 3475 patrem

350 3498 420 3568 iam
440 3495 649 3566 delun8tum
663 3532 671 3548 ·
686 3502 723 3564 et
741 3494 995 3565 concordatum
1015 3488 1174 3583 estquod
1193 3495 1245 3563 ita
1262 3495 1356 3563 erint
1373 3494 1410 3563 in
1429 3495 1609 3563 communi
1628 3516 1692 3585 pro

351 3619 513 3699 tempore
542 3606 628 3675 ditti
658 3606 794 3674 domini
824 3604 909 3674 Ade
939 3603 1093 3696 episcopi
1124 3600 1198 3674 fine
1228 3605 1424 3697 preiudicio
1455 3602 1602 3677 ecclesie
1633 3605 1690 3675 vel

350 3719 523 3790 heredum
541 3719 624 3787 diui
643 3716 819 3787 lobannis
836 3719 874 3786 in
892 3718 1055 3786 futurum
1073 3726 1111 3787 et
1129 3713 1217 3786 silua
1235 3717 1408 3787 nicarum
1430 3725 1606 3787 terrarum
1623 3719 1692 3787 erit

351 3832 550 3901 communis
576 3832 672 3899 inter
688 3825 781 3921 ipsos
798 3865 806 3882 ·
825 3827 875 3898 Et
892 3827 996 3920 super
1013 3825 1080 3899 ista
1096 3828 1285 3898 concordia
1301 3828 1457 3898 fideliter
1473 3826 1692 3900 obseruanda

351 3942 435 4011 dini
462 3942 628 4011 dominus
646 3940 841 4033 Episcopus
864 3948 903 4010 et
919 3939 1104 4011 Johannes
1121 3938 1156 4009 se
1174 3963 1237 4031 per
1254 3940 1338 4013 fidei
1364 3938 1425 4010 sue
1451 3941 1632 4011 dationem
1655 3943 1691 4010 in

351 4052 516 4123 manibus
544 4053 629 4122 disti
657 4054 792 4123 domini
818 4051 1055 4124 Vicecomitis
1081 4052 1287 4145 obligarunt
1313 4063 1351 4122 et
1380 4062 1500 4144 partes
1534 4053 1691 4145 prediite

350 4166 534 4254 petierunt
552 4186 615 4256 per
629 4165 808 4235 notarium
825 4162 1089 4256 infrascriptum
1102 4160 1166 4234 fibi
1180 4163 1256 4233 fieri
1274 4164 1418 4255 publica
1431 4160 1689 4235 instrumento·

350 4277 461 4347 Anno
490 4272 611 4346 mense
637 4276 695 4346 dic
724 4276 853 4367 quibus
880 4275 985 4370 supra
1014 4274 1210 4348 inditiione
1237 4281 1275 4345 κ’
1301 4277 1531 4367 pontificatus
1557 4276 1690 4347 domini

350 4388 550 4460 Clementis
568 4384 708 4480 septimi
727 4411 821 4458 anno
839 4412 934 4458 nono
952 4428 960 4444 ·
978 4387 1203 4482 presentibus
1221 4383 1395 4482 magistris
1409 4388 1570 4461 Roberto
1584 4388 1690 4482 Boyll

348 4511 494 4572 cantore
509 4540 517 4556 ·
532 4498 697 4570 Gilberto
716 4500 761 4570 de
775 4499 949 4593 Grynlaw
964 4510 1002 4573 et
1017 4499 1207 4572 Willelmo
1226 4499 1330 4595 Lang
1346 4503 1525 4574 canonicis
1544 4497 1691 4573 ecclesie
