4088 5430
345 619 416 686 934
862 606 1165 682 REGISTRUM
1531 610 1685 705 [sucum

348 812 397 882 Et
415 812 493 906 Ego
509 810 664 880 Thomas
682 802 823 877 Froster
839 808 1032 878 canonieus
1057 807 1314 900 prebendarius
1332 807 1377 878 de
1395 806 1580 881 Dulmaok
1599 833 1685 881 con-

347 924 462 994 sentio
480 932 517 994 ct
535 919 712 993 subscribo
731 959 739 976 ·

349 1035 399 1106 Et
410 1031 816 1130 EgoTbomasEdnaym
827 1030 1082 1123 prebendarius
1093 1031 1138 1102 de
1149 1031 1234 1102 Clat
1244 1031 1428 1104 consentio
1439 1045 1478 1104 et
1489 1030 1684 1105 subscribo·

351 1143 761 1241 EtEgoJohannesClat
771 1142 1238 1236 prebendariusdeClouath
1248 1141 1432 1216 consentio
1441 1155 1479 1216 et
1490 1142 1683 1217 subscribo·

350 1483 459 1555 Carta
475 1479 626 1578 Angusrj
644 1478 817 1556 Glenison
834 1476 939 1574 super
958 1502 1078 1551 annuo
1095 1479 1241 1551 redditu
1258 1481 1303 1550 de
1321 1490 1531 1553 tenemento
1549 1483 1586 1551 in
1606 1484 1685 1552 vico

351 1597 530 1666 firmarum
548 1632 557 1650 ·

351 1797 545 1915 Angustus
567 1815 739 1890 Glenison
766 1810 950 1910 burgenfis
976 1815 1021 1886 de
1042 1815 1215 1886 Aberden
1232 1853 1241 1870 ·
1260 1856 1268 1873 ·
1287 1856 1295 1873 ·
1315 1815 1446 1888 Sciatis
1471 1841 1529 1890 me
1556 1818 1687 1892 dedille

351 1975 359 1990 ·
388 1974 396 1990 ·
416 1972 432 2011 ,ο
458 1955 521 2025 pro
538 1928 653 2002 salute
670 1931 790 2001 anime
807 1951 888 1999 mee
905 1936 943 1998 et
960 1930 1080 2000 anime
1097 1928 1238 2021 agnetis
1255 1926 1380 2020 sponse
1397 1952 1478 2001 mee
1501 1970 1510 1988 ·
1535 1970 1546 1988 ·
1572 1971 1580 1988 ·
1605 1929 1686 2004 Deo

350 2047 456 2117 beate
475 2044 594 2115 Marie
610 2081 619 2098 ·
636 2080 645 2098 ·
664 2081 672 2099 ·
691 2052 730 2114 et
747 2042 914 2112 omnibus
931 2039 1059 2111 sannis
1076 2052 1114 2111 et-
1132 2039 1326 2132 capellanis
1349 2041 1448 2111 chori
1473 2043 1688 2116 cathedralis

351 2152 500 2229 ecclesie
525 2149 793 2226 Aberdonensrs
811 2192 818 2210 ·
837 2191 846 2208 ·
862 2190 870 2207 ·
889 2175 1000 2223 vnum
1025 2175 1187 2223 annuum
1213 2152 1394 2223 redditum
1412 2154 1537 2224 decem
1560 2154 1689 2230 solido-

351 2293 432 2340 rum
457 2306 465 2323 ·
492 2309 500 2324 ·
526 2305 535 2323 ·
561 2267 831 2361 percipiendum
849 2265 894 2334 de
916 2300 925 2318 ·
949 2304 957 2320 ·
985 2303 994 2321 ·
1021 2273 1232 2334 tenemento
1258 2304 1267 2320 ·
1295 2304 1303 2321 ·
1330 2302 1339 2321 ·
1364 2266 1505 2337 iacente
1523 2291 1568 2338 ex
1586 2281 1689 2360 parte

351 2380 517 2453 orientali
535 2381 604 2450 vici
631 2379 810 2449 furcarum
836 2377 940 2471 burgi
966 2377 1011 2448 de
1035 2375 1207 2447 Aberden
1233 2378 1329 2447 inter
1355 2386 1487 2448 terram
1512 2378 1536 2449 J
1539 2381 1689 2452 ohannis

354 2492 494 2564 Lauson
518 2516 565 2562 ex
591 2502 692 2584 parte
714 2489 840 2561 boriali
866 2498 905 2559 et
930 2497 1063 2560 terram
1080 2487 1256 2559 Johannis
1273 2487 1487 2560 Bertl’otson
1515 2515 1561 2562 ex
1587 2504 1690 2585 parte

352 2603 497 2676 australi
522 2627 586 2697 pro
603 2625 674 2672 vno
691 2600 866 2696 trigintali
884 2598 1063 2672 missarum
1080 2622 1145 2691 per
1161 2600 1273 2670 dictos
1290 2599 1492 2692 capellanos
1510 2612 1689 2675 eteorum

353 2713 563 2789 succellores
589 2714 801 2786 celebrando
827 2715 1013 2784 annuatim
1035 2721 1073 2783 et
1097 2712 1297 2783 inchoando
1323 2713 1360 2781 in
1384 2710 1534 2784 crastino
1560 2719 1691 2809 princi-

354 2830 443 2923 palis
469 2825 549 2899 festi
575 2827 672 2898 beati
691 2824 880 2918 Laureneij
898 2824 1063 2917 martyris
1088 2861 1097 2878 ·
1124 2863 1132 2880 ·
1159 2863 1166 2880 ·
1193 2821 1389 2895 Reseruato
1407 2835 1529 2896 tamen
1546 2829 1633 2898 mihi
1652 2843 1690 2900 et

353 2939 477 3035 sponse
494 2964 575 3012 mee
592 2940 750 3033 predidte
767 2938 879 3008 libero
897 2946 1108 3008 tenemento
1121 2937 1206 3007 diei
1225 2938 1334 3007 annui
1351 2937 1512 3009 redditus
1529 2962 1593 3032 pro
1611 2955 1690 3013 toto

355 3065 517 3147 tempore
535 3054 609 3123 vito
635 3047 754 3121 nostre
772 3091 780 3107 ·
801 3050 881 3120 volo
900 3059 1022 3120 tamen
1040 3049 1133 3140 quod
1152 3045 1179 3118 ἢ
1197 3070 1256 3118 me
1273 3058 1358 3120 ante
1376 3050 1506 3122 dictam
1529 3050 1689 3145 sponsam

354 3189 473 3236 meam
496 3165 670 3236 decedere
687 3164 874 3256 contingat
899 3161 1074 3231 medietas
1092 3161 1176 3231 didti
1200 3163 1309 3232 annui
1336 3162 1497 3233 redditus
1522 3166 1691 3256 predi&is

355 3277 549 3371 capellanis
578 3300 642 3369 pro
671 3272 910 3346 anniuersario
940 3296 1021 3343 meo
1051 3274 1153 3343 annis
1183 3267 1330 3367 singulis
1363 3272 1586 3365 persoluatur
1611 3315 1619 3332 ·
1645 3318 1653 3332 ·
1682 3321 1689 3335 ·

356 3389 580 3461 Duodecimo
607 3388 665 3458 die
691 3381 821 3456 mensis
846 3385 935 3477 Julij
962 3408 1057 3456 anno
1074 3383 1222 3454 Domini
1248 3380 1437 3455 millesimo
1454 3388 1693 3483 quadringen-

355 3498 482 3573 tefimo
499 3495 678 3571 tricesimo
695 3497 796 3568 l'exto
813 3535 821 3553 ·
839 3496 922 3589 Hijs
940 3493 1091 3568 testibus
1107 3496 1131 3567 J
1135 3496 1274 3567 ohanne
1291 3497 1336 3567 de
1354 3496 1496 3591 Sorogis
1514 3498 1691 3593 preposito

357 3615 440 3684 dicti
468 3614 571 3707 burgi
591 3653 598 3668 ·
618 3611 785 3683 Gilberto
803 3608 999 3702 Mengbeis
1016 3646 1024 3662 ·
1041 3608 1065 3679 J
1068 3608 1209 3679 ohanne
1236 3609 1280 3678 de
1307 3608 1392 3701 Fyff
1403 3649 1411 3666 ·
1432 3609 1620 3683 Willelmo
1646 3616 1691 3685 de

357 3725 502 3797 Cadeou
520 3724 702 3795 communi
725 3722 855 3794 clerico
874 3723 958 3792 dibi
986 3720 1088 3813 burgi
1106 3758 1114 3775 ·
1132 3730 1170 3791 et
1189 3718 1379 3790 Willelmo
1397 3720 1589 3815 Atkynson
1607 3727 1693 3796 bed·

357 3835 428 3906 ello
446 3835 601 3907 eiusdem
621 3876 629 3891 ·
647 3857 730 3905 cum
748 3833 873 3905 multis
890 3833 968 3925 alijs
986 3871 993 3887 ·

357 4170 534 4242 Venditio
544 4174 653 4242 annui
668 4172 828 4242 redditus
842 4179 1017 4241 terrarum
1032 4171 1077 4240 de
1089 4169 1185 4242 Glak
1199 4191 1262 4261 por
1273 4168 1456 4240 Andream
1472 4171 1517 4240 de
1529 4169 1690 4243 Glaster·

357 4375 534 4469 Andreas
560 4394 605 4464 de
629 4391 771 4466 Glaster
797 4395 962 4464 dominus
990 4393 1197 4464 medietatis
1225 4392 1371 4463 baronic
1395 4395 1441 4465 de
1464 4393 1629 4466 [lunoter
1653 4410 1692 4466 et

357 4523 532 4580 terrarum
547 4506 591 4575 de
602 4504 698 4576 Glak
717 4545 725 4561 ·
744 4545 752 4560 ·
772 4545 780 4560 ·
799 4503 929 4575 Sciatis
947 4526 1106 4575 mecum
1124 4500 1294 4576 consensu
1312 4541 1319 4557 ·
1338 4541 1346 4557 ·
1365 4546 1372 4560 ·
1393 4506 1526 4575 domini
1542 4504 1691 4578 Henrici
