4088 5430
346 640 417 706 154
862 628 1166 704 REGISTRUM
1530 632 1684 728 [secun

346 828 480 903 sionem
496 833 674 925 integram
688 838 726 900 et
739 827 864 902 offerat
876 828 913 902 se
925 827 1062 901 soluere
1080 829 1247 902 celeriter
1263 825 1445 901 residuum
1461 854 1533 901 non
1547 833 1685 903 amittit

347 942 402 1015 set
429 940 456 1013 fi
484 952 593 1039 neget
618 942 792 1013 firmando
817 965 882 1035 per
905 941 1064 1037 plegium
1093 953 1131 1013 et
1160 943 1378 1013 contrarium
1409 943 1599 1014 eueniatur
1622 967 1687 1037 per

348 1051 588 1127 ostentionem
606 1063 704 1126 carte
721 1052 779 1124 vel
800 1049 937 1126 allisam
955 1052 1013 1125 vel
1039 1054 1125 1125 alias
1142 1055 1281 1126 amittit
1298 1091 1306 1110 ·
1324 1054 1407 1125 vide
1424 1056 1462 1124 in
1478 1052 1558 1150 Spe
1576 1057 1613 1128 ti.
1630 1053 1687 1127 De

348 1166 455 1239 locuto
472 1205 480 1221 ·
499 1164 516 1266 s
534 1165 635 1238 Nunc
649 1164 763 1261 aliqum
779 1202 788 1220 ·
805 1190 835 1237 o.
852 1167 943 1236 casu
960 1203 968 1220 ·
985 1167 1138 1260 quarem
1155 1205 1164 1222 ·
1181 1173 1213 1236 et
1228 1164 1316 1262 ase.

349 1279 471 1350 Tertio
488 1318 497 1335 ·
514 1279 678 1372 queritur
702 1279 732 1349 si
759 1272 921 1349 vassallus
947 1278 1009 1370 qui
1034 1274 1170 1347 solebat
1196 1273 1333 1348 soluere
1351 1276 1476 1347 decem
1501 1279 1572 1349 iam
1593 1278 1687 1350 nolit

349 1389 487 1462 soluere
504 1387 569 1461 nisi
587 1392 745 1483 quinque
770 1399 942 1483 pretextu
958 1397 1057 1461 carte
1074 1389 1120 1460 de
1136 1411 1232 1460 nouo
1249 1397 1391 1483 reperte
1408 1384 1453 1459 srt
1469 1390 1687 1483 compellen-

351 1504 417 1574 dus
434 1504 478 1574 ad
497 1505 623 1574 decem
641 1497 723 1572 etsi
741 1502 903 1572 inueniat
929 1500 1089 1595 plegium
1107 1501 1204 1592 quod
1229 1523 1302 1571 non
1328 1500 1437 1572 debet
1458 1497 1596 1573 soluere
1619 1498 1686 1573 nisi

350 1617 508 1707 quinque
525 1638 571 1686 an
588 1613 748 1708 plegium
771 1636 837 1706 per
857 1613 1043 1683 dominum
1062 1611 1172 1683 debet
1195 1613 1304 1706 recipi
1330 1620 1369 1683 et
1391 1607 1419 1682 fi
1442 1613 1607 1685 dominus
1631 1637 1687 1685 re·

350 1725 450 1799 cuset
467 1738 505 1798 et
521 1726 681 1820 plegium
699 1726 863 1795 inueniat
880 1725 917 1794 in
934 1747 1044 1795 manu
1062 1719 1213 1794 ministri
1231 1725 1367 1795 domini
1385 1726 1479 1819 regis
1495 1727 1581 1818 quid
1597 1727 1685 1797 siet·

350 1837 547 1910 consulitur
564 1837 660 1930 quod
677 1832 703 1905 sr
722 1832 859 1907 resistat
876 1833 1040 1907 vassallus
1057 1845 1095 1907 et
1112 1836 1205 1907 nolit
1229 1834 1367 1907 soluere
1392 1832 1456 1906 nisi
1474 1840 1631 1932 quinque
1648 1848 1686 1910 et

349 1948 453 2043 super
468 1948 540 2020 illis
558 1951 716 2041 quinque
729 1944 894 2019 ostendat
907 1957 1043 2018 cartam
1061 1949 1156 2040 quod
1174 1949 1339 2019 dominus
1352 1971 1425 2018 uon
1439 1949 1576 2020 deserat
1589 1961 1688 2022 carte

350 2073 388 2133 et
405 2057 432 2131 sr
450 2063 630 2131 inuenerit
647 2059 808 2155 plegium
832 2059 926 2151 quod
950 2058 1031 2150 plus
1048 2083 1120 2130 non
1139 2060 1249 2132 debet
1266 2084 1339 2130 non
1356 2062 1504 2153 recipiat
1522 2062 1687 2134 dominus

348 2173 508 2267 plegium
527 2211 535 2228 ·
553 2184 591 2242 et
613 2166 640 2241 sr
664 2171 827 2242 inueniat
851 2170 1010 2266 plegium
1036 2172 1074 2241 in
1097 2194 1208 2243 manu
1233 2169 1384 2243 ministri
1408 2173 1495 2268 regij
1523 2174 1688 2245 dominus

349 2308 422 2355 non
439 2284 673 2355 recontrariet
698 2280 753 2353 set
769 2294 915 2354 maneat
940 2285 978 2353 in
999 2281 1206 2377 possessione
1227 2292 1265 2355 et
1286 2283 1413 2355 offerat
1437 2281 1474 2355 se
1497 2284 1687 2378 expectare

349 2400 394 2470 ad
420 2399 476 2469 ius
493 2398 665 2489 quianon
684 2395 793 2465 debet
811 2396 890 2487 quis
908 2397 1008 2467 exire
1024 2391 1268 2487 possessionem
1286 2397 1324 2466 in
1342 2419 1412 2488 qua
1428 2391 1529 2467 stetit
1545 2421 1610 2491 per
1625 2421 1688 2469 an-

348 2535 437 2582 num
454 2507 528 2580 tine
546 2509 648 2578 breui
671 2506 869 2599 placitabili
890 2547 898 2562 ·
915 2506 970 2578 set
986 2504 1012 2577 sr
1030 2518 1166 2579 cartam
1184 2529 1256 2577 non
1275 2502 1440 2578 ostendat
1456 2520 1627 2602 arguatur
1642 2511 1686 2582 ad

349 2617 568 2693 amissionem
587 2621 700 2691 totius
721 2619 815 2688 feodi
842 2621 926 2711 quia
950 2621 1165 2691 contradicit
1190 2615 1336 2689 censum
1361 2642 1426 2713 per
1455 2619 1568 2713 ipsum
1598 2619 1687 2693 solui

349 2731 559 2806 consuetum
578 2741 617 2801 et
634 2730 798 2800 debiturn
819 2771 827 2786 ·

348 2846 487 2930 Quarto
514 2884 521 2900 ·
549 2845 579 2912 si
611 2843 751 2912 dicatur
780 2842 818 2910 in
849 2850 948 2913 carta
973 2844 1177 2914 donationis
1203 2844 1299 2935 quod
1324 2854 1472 2937 propter
1493 2843 1688 2918 utilitatem

349 2953 497 3029 ecclesie
516 2956 661 3025 donatio
680 2953 773 3024 saca
797 2954 907 3025 suerit
929 2992 937 3009 ·
964 2951 1165 3025 consulitur
1182 2955 1279 3046 quod
1296 2954 1462 3026 dominus
1480 2956 1576 3027 dicat
1593 2961 1688 3050 quod

350 3066 533 3163 episcopus
551 3067 710 3138 alienans
728 3067 797 3136 suit
815 3076 1023 3158 procurator
1039 3089 1111 3136 non
1130 3068 1295 3137 domiuus
1312 3089 1379 3138 nec
1397 3067 1524 3138 habuit
1541 3066 1606 3139 nisi
1623 3094 1687 3165 pro

349 3191 512 3275 tempore
527 3180 602 3248 vite
619 3177 680 3248 sue
699 3188 736 3249 et
753 3188 880 3249 contra
893 3180 1136 3249 iuramentum
1149 3175 1252 3248 suum
1265 3177 1438 3249 alienauit
1450 3189 1487 3249 et
1500 3176 1690 3276 solempni-

350 3305 443 3365 tates
457 3293 579 3362 debite
592 3299 629 3361 et
641 3291 686 3361 de
698 3290 775 3360 iure
787 3286 955 3382 requisrte
967 3314 1039 3360 non
1051 3299 1153 3361 erant
1164 3288 1352 3361 obseruate
1363 3300 1401 3361 et
1412 3289 1516 3362 causa
1524 3292 1690 3386 pretensa

349 3409 386 3476 in
405 3416 504 3476 carta
528 3426 601 3472 non
627 3398 680 3472 est
697 3425 782 3473 vera
799 3404 882 3493 quia
906 3400 1056 3494 persona
1071 3404 1109 3472 in
1127 3424 1234 3493 quam
1252 3401 1294 3471 sit
1310 3401 1479 3473 alienatio
1505 3426 1688 3498 nunquam

349 3520 469 3612 potuit
492 3515 611 3586 valere
629 3509 778 3586 ecclesie
797 3515 841 3584 de
859 3522 963 3584 tanto
988 3536 1056 3584 neo
1080 3509 1198 3606 potest
1221 3522 1259 3584 et
1282 3514 1363 3585 ideo
1388 3523 1490 3606 petat
1515 3516 1687 3589 iudicium

349 3628 444 3720 quod
462 3625 535 3720 ipsa
552 3636 648 3696 terra
665 3625 781 3696 creuit
799 3620 948 3695 ecclesie
964 3627 1001 3695 in
1020 3635 1152 3696 terram
1170 3625 1385 3696 dominicam
1404 3666 1412 3682 ·

350 3740 488 3824 Quinto
507 3778 515 3794 ·
534 3739 562 3807 si
582 3732 745 3807 vassallus
770 3732 919 3807 ecclesie
941 3734 1071 3829 spoliet
1093 3733 1279 3808 ecclesiam
1297 3737 1354 3807 vel
1377 3739 1526 3809 mandet
1547 3737 1688 3833 spoliari

350 3852 456 3921 rebus
478 3845 626 3920 ecclesie
644 3849 795 3941 propriis
815 3857 905 3941 puto
923 3850 1031 3919 cartis
1046 3847 1103 3919 vel
1125 3847 1239 3919 literis
1257 3848 1314 3918 vel
1340 3846 1588 3922 instrumentis
1604 3856 1689 3924 arti-

349 3963 457 4033 sicum
475 3961 606 4053 emptis
624 3960 668 4030 ad
686 3957 785 4029 vsum
804 3955 952 4031 ecclesie
969 3961 1054 4052 quid
1072 3957 1117 4030 sit
1135 3960 1337 4031 faciendum
1353 4001 1360 4017 ·
1376 3958 1577 4034 consulitur
1593 3967 1687 4058 quod

351 4083 520 4169 arguatur
538 4073 581 4142 de
595 4071 768 4143 violentia
784 4069 965 4143 commissa
977 4082 1102 4144 contra
1116 4073 1301 4143 dominum
1319 4082 1357 4143 et
1375 4081 1521 4145 taxetur
1537 4077 1574 4146 in
1591 4080 1690 4150 curia

350 4188 395 4260 ad
415 4196 550 4257 certam
571 4183 744 4254 summam
771 4185 923 4276 pecunie
941 4225 949 4240 ·
968 4181 1022 4255 set
1040 4181 1250 4278 quibusdam
1270 4184 1413 4254 videtur
1429 4187 1523 4277 quod
1542 4199 1689 4282 propter

350 4303 418 4371 hoc
436 4298 579 4367 feodum
598 4318 670 4364 non
688 4297 851 4365 amittit·

352 4412 485 4483 Sexto·
499 4403 698 4477 consulitur
710 4407 805 4497 quod
819 4402 846 4475 sr
860 4410 939 4499 quis
956 4408 1053 4501 cepit
1069 4403 1241 4502 saysmam
1252 4406 1403 4478 alicuius
1419 4414 1620 4484 tenementi
1631 4414 1688 4485 vel

353 4541 518 4615 vmquam
537 4518 606 4588 fuit
624 4518 660 4587 in
679 4512 884 4610 possessione
911 4522 988 4591 eius
1006 4520 1098 4611 quod
1126 4518 1209 4591 talis
1226 4528 1458 4612 computetur
1476 4544 1541 4614 pro
1557 4523 1688 4598 herede
