4088 5430
347 626 417 694 roa
861 610 1166 687 nucrsmunr
1533 613 1683 709 [secun

346 820 507 890 redditus
535 816 580 889 de
607 827 704 887 terra
729 810 850 885 nostra
876 813 922 885 de
946 809 1198 884 Achidoualde
1225 834 1309 884 cum
1336 812 1566 904 pertinentiis
1592 812 1686 887 infra

345 931 529 1001 baroniam
546 924 701 999 nostram
720 927 765 997 de
782 924 906 997 Aldcn
921 926 960 995 in
977 925 1232 996 vicecomitatu
1250 924 1295 996 do
1312 922 1508 997 Aberdene
1524 962 1533 982 ·
1547 925 1689 998 Tenen·

348 1042 411 1114 das
428 1052 465 1113 et
482 1039 664 1113 habendas
689 1039 800 1111 distas
825 1032 888 1109 sex
915 1059 1052 1108 marcas
1079 1037 1190 1109 annui
1215 1036 1377 1108 redditus
1403 1037 1520 1109 eidem
1541 1037 1687 1109 domino

347 1151 538 1225 Willelmo
566 1162 605 1224 et
633 1147 781 1223 ecclefie
809 1150 989 1221 antedicto
1014 1149 1059 1219 de
1084 1149 1188 1220 nobis
1213 1157 1252 1220 et
1277 1147 1468 1220 heredibus
1495 1144 1622 1222 nostris
1649 1152 1688 1222 in

347 1289 472 1358 puram
491 1274 529 1336 et
545 1274 758 1359 perpetuam
775 1256 1006 1333 elemofinam
1023 1260 1114 1332 adeo
1130 1259 1243 1332 libere
1260 1267 1300 1331 et
1316 1262 1439 1352 quiete
1463 1259 1623 1354 plenarie
1649 1272 1688 1334 et

347 1377 541 1450 honorifice
558 1373 648 1447 ficut
666 1383 764 1445 carta
780 1370 900 1445 nostra
916 1374 1001 1444 inde
1014 1367 1080 1443 fibi
1097 1372 1260 1444 confecta
1276 1380 1462 1466 proportat
1479 1382 1518 1444 et
1534 1371 1688 1446 testatur

348 1491 449 1561 vobis
473 1489 626 1558 firmiter
649 1486 866 1578 precipimus
883 1492 921 1555 et
938 1482 1150 1555 mandamus
1168 1484 1338 1575 quatinus
1363 1483 1524 1577 predicto
1542 1484 1688 1557 domino

349 1598 538 1671 Willelmo
555 1607 593 1670 et
610 1591 758 1669 ecclesie
775 1593 958 1668 antedifiie
975 1594 1034 1666 vel
1055 1595 1132 1666 eius
1149 1604 1248 1667 certo
1266 1595 1441 1689 deputato
1459 1596 1505 1667 dc
1521 1597 1688 1689 prodistis

347 1709 410 1782 sex
435 1713 562 1782 marcis
587 1710 697 1781 annui
722 1708 885 1778 redditus
909 1704 1016 1800 super
1039 1702 1114 1777 solo
1135 1707 1230 1779 ditio
1255 1716 1351 1779 terre
1375 1707 1420 1779 de
1436 1705 1689 1781 Achidonalde
1839 1752 1845 1765 ·

347 1820 480 1894 statum
501 1832 539 1894 et
560 1817 732 1916 sayfinam
750 1820 910 1891 debitam
935 1819 1068 1891 habere
1084 1818 1225 1890 faciatis
1242 1815 1324 1891 vifis
1348 1816 1573 1912 presentibus
1598 1821 1689 1892 indi·

348 1935 423 2008 late
439 1944 477 2006 et
494 1936 562 2006 hoc
584 1956 657 2003 non
675 1933 853 2003 omittatis
871 1970 879 1989 ·
899 1929 944 2001 ln
969 1932 1071 2002 cuius
1096 1927 1210 2002 status
1227 1942 1266 2002 et
1282 1926 1417 2025 sayfiue
1442 1927 1688 2005 testimonium

347 2070 413 2142 per
445 2069 508 2118 vos
541 2046 756 2118 traditorum
790 2040 946 2136 tigillum
980 2039 1138 2114 vestrum
1172 2044 1210 2113 in
1244 2041 1401 2115 secunda
1437 2044 1552 2116 cauda
1587 2046 1691 2120 iuxta

347 2156 509 2231 nostrum
526 2180 637 2252 penes
657 2156 859 2250 predictum
877 2156 1063 2225 dominum
1081 2151 1311 2225 Willelmum
1330 2164 1368 2226 et
1385 2150 1571 2228 ecclefiam
1588 2167 1690 2231 aute·

348 2273 479 2344 diuam
512 2277 687 2363 perpetuo
720 2264 934 2373 remansuris
966 2275 1136 2359 patenter
1163 2269 1352 2360 apponatis
1381 2307 1390 2325 ·
1422 2266 1561 2340 Datum
1594 2271 1690 2366 apud

349 2383 496 2478 Kyntor
512 2383 651 2454 decimo
670 2382 728 2450 die
744 2375 876 2452 mensis
892 2377 1031 2471 Aprilis
1056 2401 1152 2451 anno
1169 2377 1319 2451 Domini
1343 2376 1533 2454 millefimo
1550 2392 1690 2457 trecen·

349 2493 475 2568 tefimo
493 2489 729 2589 ottuagefimo
747 2532 755 2548 ·

351 2831 584 2905 Confirmatio
601 2828 752 2901 Roberti
770 2828 863 2923 regis
880 2826 1077 2921 capellanie
1093 2827 1253 2920 predifie
1270 2869 1278 2886 ·

351 3033 547 3131 Robertus
577 3051 648 3123 Dei
676 3053 792 3148 gratia
820 3075 885 3123 rex
916 3050 1108 3123 Scotorum
1138 3052 1304 3124 omnibus
1334 3054 1455 3146 probis
1484 3054 1690 3129 hominibus

350 3171 464 3242 totius
487 3180 583 3239 terre
607 3165 669 3236 sue
694 3164 833 3237 clericis
851 3172 889 3235 et
909 3163 1009 3235 laicis
1033 3159 1186 3235 salutem
1206 3204 1214 3220 ·
1233 3162 1366 3237 Sciatis
1394 3187 1459 3236 nos
1484 3164 1691 3260 approbasse

349 3277 535 3356 ratificalle
556 3287 595 3350 et
617 3277 683 3349 hac
708 3273 864 3370 presenti
890 3284 990 3348 carta
1014 3272 1134 3346 nostra
1159 3273 1378 3348 confirmasse
1403 3277 1634 3351 donationem
1651 3291 1691 3352 et

349 3388 608 3468 conceffionem
624 3389 705 3461 illas
722 3410 809 3480 quas
827 3388 914 3460 fecit
932 3399 970 3459 et
987 3383 1157 3460 concesfit
1175 3385 1386 3460 Willelmus
1403 3389 1448 3460 de
1466 3389 1568 3461 Keth
1585 3391 1691 3465 miles

348 3503 576 3580 marescallus
605 3498 726 3572 noster
751 3500 875 3572 Scotic
904 3522 968 3593 pro
998 3500 1136 3570 meritis
1163 3508 1202 3571 et
1228 3499 1412 3572 beneficiis
1437 3500 1617 3575 Willelmi
1644 3504 1691 3576 de

350 3618 501 3691 calabre
527 3614 689 3687 canonici
707 3606 975 3683 Aberdouenfis
1001 3607 1066 3682 fibi
1091 3607 1259 3703 impeufis
1276 3610 1357 3684 Deo
1383 3624 1421 3684 et
1447 3614 1553 3687 beate
1571 3613 1691 3688 Maria

351 3729 494 3823 Virgini
520 3738 558 3800 et
583 3724 749 3797 omuibus
773 3719 902 3794 santtis
924 3731 962 3793 ct
979 3723 1041 3792 vni
1066 3720 1252 3815 capellano
1277 3725 1316 3794 iu
1341 3725 1449 3796 choro
1475 3725 1691 3800 cathedralis

350 3837 497 3914 eoclefie
526 3831 792 3909 Abcrdoueufis
826 3829 1043 3905 ministranti
1074 3841 1112 3904 et
1141 3844 1316 3928 perpetuo
1349 3835 1593 3910 ministratura
1626 3863 1691 3934 pro

350 3955 470 4027 anima
485 3948 547 4023 sua
563 3951 647 4021 dias
665 3947 841 4018 Willelmi
858 3947 904 4017 de
917 3944 1070 4017 Calabre
1087 3969 1129 4017 ao
1145 3948 1334 4019 animabus
1350 3949 1511 4020 omnium
1527 3949 1690 4023 fidelium

350 4068 599 4141 defensorum
612 4064 657 4135 de
670 4059 730 4134 sex
747 4063 876 4133 marcis
888 4058 1017 4131 vsualis
1033 4067 1180 4132 monete
1196 4061 1307 4130 annui
1323 4060 1485 4132 redditus
1502 4064 1689 4135 aunuatim

350 4175 592 4274 persoluendis
609 4174 654 4245 ad
672 4168 800 4244 festum
819 4168 1053 4243 Pentecostes
1071 4182 1109 4243 et
1125 4165 1235 4241 santii
1254 4168 1407 4242 Martini
1429 4174 1468 4243 in
1488 4173 1609 4245 hicme
1625 4197 1691 4269 per

349 4287 494 4383 equales
506 4287 689 4380 portiones
702 4284 747 4354 de
758 4285 862 4355 terris
876 4282 921 4354 de
931 4281 1185 4355 Achidonalde
1197 4303 1281 4352 cum
1293 4283 1524 4375 pertiuentiis
1536 4285 1574 4354 in
1588 4285 1691 4358 baro·

350 4400 465 4474 niade
476 4397 598 4469 Alden
611 4404 650 4467 et
663 4395 805 4466 illarum
816 4402 993 4466 terrarum
1004 4418 1125 4468 annuo
1137 4392 1282 4465 redditu
1292 4392 1483 4466 deficiente
1494 4395 1540 4467 de
1549 4397 1690 4494 integra

351 4511 498 4586 baronia
513 4509 559 4581 de
576 4505 700 4580 Alden
724 4503 887 4578 leuandis
907 4506 1048 4603 integre
1065 4515 1103 4580 et
1119 4503 1279 4599 plenarie
1294 4502 1538 4601 persoluendis
1555 4519 1594 4582 et
1610 4532 1689 4605 per.
