4088 5430
344 612 415 684 266
861 602 1164 677 REGISTRUM
1530 603 1685 699 [sucum

344 808 526 903 placatum
544 847 552 863 ·
572 845 579 861 ·
597 845 605 862 ·
621 805 833 877 Tenendum
851 843 859 859 ·
877 843 885 858 ·
902 842 911 859 ·
928 805 967 874 in
992 804 1099 875 feodo
1124 814 1163 876 ct
1188 803 1390 875 hereditate
1415 803 1685 897 imperpetuum

345 942 427 991 cum
445 919 542 988 omui
560 917 621 988 suo
638 919 716 989 iure
734 957 742 973 ·
762 958 770 973 ·
790 957 798 974 ·
814 916 925 1009 Apud
938 914 1111 988 Aberdeu
1128 939 1178 987 xv
1195 916 1253 987 die
1270 911 1401 986 menfie
1414 914 1571 1011 Augusti
1588 939 1686 988 anno

346 1029 494 1100 Domini
520 1048 731 1101 rt.cccc.1.1v
749 1070 757 1085 ·
775 1024 938 1099 Testibus
957 1069 965 1084 ·
985 1069 992 1084 ·
1013 1069 1021 1085 ·
1039 1027 1190 1099 Andrea
1212 1025 1346 1121 Ogiluy
1363 1028 1409 1099 de
1426 1027 1686 1122 Iuohmertyne

346 1143 463 1214 milite
480 1182 488 1198 ·
506 1140 645 1213 Jacobo
671 1140 794 1212 Skeue
811 1141 856 1210 de
874 1139 1002 1211 eodem
1019 1182 1027 1198 ·
1047 1139 1258 1212 Alexandro
1284 1138 1407 1210 Skene
1430 1140 1504 1210 filio
1521 1150 1560 1211 et
1576 1162 1688 1234 appa-

346 1264 450 1327 rente
474 1254 607 1325 herede
628 1251 786 1325 eiusdem
803 1251 827 1323 J
829 1252 929 1323 acobi
947 1291 955 1308 ·
973 1251 1123 1323 Andrea
1140 1249 1336 1344 Meuglreis
1354 1291 1363 1308 ·
1381 1250 1530 1323 Andrea
1546 1250 1658 1323 Alani
1677 1291 1685 1307 ·

347 1364 524 1437 Duncano
549 1364 634 1437 clat
658 1405 666 1422 ·
690 1364 902 1436 Alexandro
929 1365 975 1435 de
1001 1362 1161 1458 Douglas
1178 1400 1186 1418 ·
1203 1362 1371 1434 lohanne
1397 1361 1483 1434 Mar
1505 1359 1686 1456 preposito

348 1480 433 1550 dieti
458 1478 587 1572 burgi·
605 1476 773 1550 Johanue
799 1476 893 1571 Fyf·
913 1476 1067 1548 dominis
1093 1475 1270 1547 Duucano
1297 1472 1414 1567 goule
1431 1515 1440 1531 ·
1459 1485 1498 1547 et
1523 1475 1686 1547 Roberto

350 1588 449 1664 Leisa
466 1590 661 1683 capellania
679 1630 687 1647 ·

350 1929 567 2022 Preceptum
585 1923 695 1999 safiue
713 1921 872 1996 eiusdem
891 1965 899 1981 ·

348 2125 382 2227 J
385 2154 544 2226 ohannes
561 2148 727 2241 Maluyle
753 2150 799 2219 de
827 2143 1035 2240 Heruystou
1052 2146 1263 2218 Alexandro
1289 2146 1449 2243 Douglas
1475 2149 1687 2223 Alexandro

350 2267 395 2339 de
412 2266 535 2337 Skene
551 2262 626 2332 filio
643 2270 681 2331 et
699 2261 885 2353 apparenti
903 2259 1026 2331 heredi
1042 2257 1172 2331 Jacobi
1189 2256 1312 2351 Skyen
1327 2260 1371 2330 de
1389 2263 1516 2333 eodem
1528 2261 1687 2335 iohanni

350 2374 537 2472 Lyudesay
554 2384 593 2446 et
611 2371 788 2446 Villelmo
806 2373 851 2442 de
868 2370 1104 2443 Stradachine
1129 2369 1272 2441 balliuis
1297 2373 1387 2442 meis
1405 2413 1413 2428 ·
1433 2415 1441 2429 ·
1460 2414 1468 2430 ·
1488 2373 1583 2459 Quia
1602 2376 1687 2446 dedi

350 2531 357 2546 ·
378 2532 385 2547 ·
406 2531 414 2546 ·
434 2486 645 2559 Alexandro
659 2483 895 2555 Stradachine
909 2484 954 2554 de
968 2482 1191 2554 Dulleaarde
1204 2505 1315 2553 vnum
1328 2507 1488 2556 annuum
1504 2487 1688 2558 redditum

348 2601 409 2675 sex
435 2621 637 2672 marcarum
662 2597 849 2667 annuatim
877 2596 922 2666 de
946 2595 1170 2667 dimidietate
1195 2603 1370 2666 terrarum
1389 2597 1434 2668 de
1452 2594 1602 2669 Vesthal
1621 2638 1629 2655 ·
1649 2640 1686 2655 ··

348 2715 450 2786 vobis
466 2711 626 2806 precipio
644 2749 652 2765 ·
672 2748 680 2765 ·
699 2749 706 2765 ·
726 2717 905 2800 quatenus
923 2709 1062 2801 prefato
1074 2706 1286 2779 Alexandro
1299 2715 1362 2778 aut
1378 2705 1441 2779 suo
1458 2720 1557 2782 certo
1575 2712 1689 2782 ador-

349 2835 435 2896 nato
465 2823 570 2894 latori
606 2818 824 2914 presentium
854 2816 1003 2890 safinam
1034 2828 1073 2891 et
1101 2814 1345 2912 polleffiouem
1378 2820 1611 2894 hereditarias
1642 2823 1688 2893 de

348 2939 444 3009 dieto
461 2957 581 3009 annuo
604 2933 774 3005 redditu·
792 2970 800 2987 ·
819 2970 827 2987 ·
845 2931 987 3003 liberari
1008 2931 1147 3003 faciatis
1165 2969 1173 2986 ·
1191 2969 1198 2985 ·
1217 2969 1224 2984 ·
1242 2930 1353 3024 Apud
1371 2931 1543 3005 Aberden
1561 2957 1609 3004 xv
1627 2936 1687 3006 die

349 3043 478 3120 menfis
495 3041 652 3140 Augusti
670 3065 765 3115 anno
783 3042 931 3113 Domini
949 3063 1183 3114 uccccarv·

350 3385 460 3457 Carta
477 3381 677 3453 Alexandri
696 3382 741 3451 de
759 3378 995 3450 Stradachiue
1013 3374 1118 3472 super
1135 3380 1261 3452 eodem
1279 3382 1421 3452 reddita
1439 3420 1447 3436 ·

350 3586 573 3681 Alexander
599 3605 644 3674 de
669 3600 906 3673 Stradachiue
932 3604 977 3673 de
1002 3601 1223 3675 Dulleaarde
1245 3645 1252 3660 ·
1274 3645 1281 3660 ·
1301 3646 1309 3661 ·
1329 3604 1368 3676 N
1370 3609 1518 3680 oueritis
1543 3631 1627 3681 me·
1648 3654 1656 3669 ·
1677 3655 1685 3670 ·

352 3715 542 3793 vendidisse
559 3755 567 3772 ·
585 3755 593 3772 ·
613 3755 620 3771 ·
645 3715 792 3785 domino
809 3713 1000 3808 Iugeramo
1016 3752 1024 3768 ·
1042 3751 1050 3768 ·
1068 3753 1076 3769 ·
1094 3713 1258 3808 episcopo
1275 3715 1523 3790 Aberdoneufi
1541 3721 1688 3795 domino

350 3856 432 3904 meo
448 3828 616 3924 singulari
635 3868 643 3884 ·
663 3867 671 3884 ·
692 3867 699 3882 ·
718 3848 879 3897 annuum
904 3827 1085 3896 redditum
1111 3850 1232 3898 meum
1253 3839 1406 3921 quatuor
1431 3830 1602 3904 librarum
1621 3876 1629 3892 ·
1649 3878 1656 3892 -
1678 3879 1685 3894 ·

350 3967 457 4037 quem
474 3967 496 4014 a
512 3941 680 4013 lohanne
698 3938 839 4010 Malwil
858 3940 903 4010 de
921 3935 1148 4032 Heruyllone
1171 3962 1217 4009 ex
1240 3943 1383 4035 proprio
1408 3939 1577 4036 acqaifiui
1603 3970 1689 4018 cou-

341 4052 475 4149 ·questu
502 4064 697 4125 exeuntem
728 4053 915 4122 aunuatim
941 4051 987 4122 de
1014 4051 1238 4122 dimidietate
1265 4061 1441 4124 terrarum
1467 4054 1512 4127 de
1534 4053 1687 4131 Vesthal

350 4210 357 4224 ·
386 4208 394 4224 ·
423 4167 598 4237 -iacente
628 4165 666 4234 iu
695 4162 885 4257 regalitate
912 4164 957 4233 de
988 4160 1166 4234 Garoiach
1201 4164 1292 4235 iufra
1319 4166 1610 4239 vicecomitatum
1640 4170 1687 4242 de

348 4278 522 4351 Aberden
539 4299 647 4369 quam
664 4276 809 4368 quidem
828 4276 1115 4347 dimidietatem·
1133 4313 1141 4328 ·
1159 4313 1167 4329 ·
1186 4273 1302 4347 didius
1319 4276 1504 4352 lohannes
1521 4279 1687 4375 Mulvyle
1819 4342 1825 4351 .

349 4392 395 4463 de
423 4384 650 4480 Heruystone
676 4387 777 4458 dedit
799 4427 806 4443 ·
827 4428 834 4443 ·
855 4428 863 4444 ·
884 4386 1060 4458 Edwardo
1085 4384 1238 4480 Ramsay
1261 4398 1300 4459 et
1326 4389 1515 4464 heredibus
1542 4391 1615 4466 suis
1641 4397 1686 4466 de

350 4498 502 4575 Vesthal
531 4500 576 4570 ad
606 4496 850 4569 feodofirmam
873 4539 881 4555 ·
905 4540 913 4556 ·
938 4539 945 4555 ·
970 4522 1034 4592 pro
1059 4500 1213 4592 quadam
1243 4509 1343 4573 certa
1368 4499 1506 4576 summa
1531 4509 1685 4599 pecunie
