4088 5430
351 626 422 691 210
865 612 1171 686 REGISTRUM
1533 614 1687 709 [sucum

352 817 460 910 plene
485 811 664 886 reseruato
682 853 689 868 ·
710 852 718 869 ·
736 849 744 868 ·
762 811 872 905 Apud
893 810 1058 883 Abirdon
1076 810 1265 882 vndecimo
1291 811 1349 881 die
1375 808 1506 883 mensis
1524 812 1689 884 Nouem·

353 929 426 1000 bris
450 949 544 999 anno
571 924 718 996 Domini
748 920 935 995 millesimo
961 918 1310 1017 quadringentesimo
1336 921 1438 994 sexto
1464 921 1689 1018 presentibus

355 1038 617 1112 venerabilibus
639 1038 724 1107 viris
750 1048 787 1107 et
813 1035 973 1107 discretis
998 1030 1173 1130 magistris
1191 1034 1352 1106 Henrico
1370 1035 1496 1130 Herry
1513 1048 1661 1109 cantore
1679 1079 1687 1094 ·

355 1152 522 1225 Waltero
539 1150 624 1222 Idill
650 1149 791 1221 officiali
808 1143 1059 1219 Aberdonensr
1076 1188 1084 1204 ·
1104 1146 1259 1218 Ricardo
1286 1148 1330 1217 de
1348 1147 1451 1220 Vaus
1472 1151 1616 1220 domino
1643 1151 1689 1220 de

357 1264 491 1336 Mane·
507 1272 545 1334 et
563 1264 707 1333 domino
720 1259 870 1331 Andrea
883 1258 1053 1352 Mauricij
1071 1260 1212 1330 notario
1228 1258 1373 1353 publico
1391 1268 1429 1331 et
1445 1261 1571 1332 multis
1587 1260 1689 1354 alijs·

355 1599 465 1671 Carta
480 1593 670 1670 mansionis
688 1597 733 1667 de
749 1593 894 1665 Turreff
904 1617 968 1688 per
985 1593 1193 1666 Gilbertum
1211 1591 1415 1689 episcopum
1433 1636 1441 1651 ·

356 1800 557 1898 Gilbertus
582 1818 766 1914 episcopus
786 1814 1081 1890 Aberdonensrs·
1103 1858 1110 1873 ·
1131 1857 1139 1874 ·
1158 1813 1435 1889 Considerantes
1460 1821 1555 1910 quod
1581 1843 1690 1891 vene·

353 1936 473 2009 rabilis
490 1937 544 2004 vir
560 1942 598 2004 et
614 1932 801 2026 prudentis
818 1927 953 2023 consrlij
973 1931 1139 2000 dominus
1157 1929 1369 2000 Willelmus
1387 1929 1491 2025 Lang
1515 1954 1690 2004 concano-

354 2051 455 2121 nicus
475 2042 594 2117 noster
611 2046 671 2136 qui
697 2042 835 2114 nullam
853 2044 891 2112 in
910 2037 1058 2113 ecclesia
1075 2038 1194 2112 nostra
1210 2042 1430 2134 prebendam
1449 2041 1502 2113 est
1517 2044 1690 2115 battenus

354 2159 529 2233 assecutus
553 2165 655 2252 grata
680 2164 719 2225 et
744 2153 1009 2247 quamplurima
1034 2154 1239 2224 deuotionis
1264 2151 1433 2245 obsequia
1457 2155 1560 2226 nobis
1578 2165 1616 2226 et
1632 2180 1690 2227 ec·

354 2269 458 2345 clcsre
475 2265 593 2341 nostre
610 2268 768 2360 predilte
793 2265 919 2336 multis
942 2265 1163 2357 temporibus
1188 2267 1372 2336 retroattis
1394 2264 1542 2337 solicitis
1565 2264 1691 2361 studijs

353 2388 424 2458 iarn
441 2381 619 2477 impendit
635 2389 675 2449 et
691 2377 900 2472 impendere
918 2400 991 2447 non
1009 2372 1144 2447 desistit
1161 2378 1327 2469 quodque
1345 2377 1459 2448 ditius
1477 2382 1690 2450 concanoni-

354 2521 417 2570 cus
440 2491 560 2566 noster
584 2487 813 2563 residentiam
840 2511 1033 2582 perquam
1062 2487 1182 2559 cultus
1204 2489 1347 2558 diuinus
1373 2500 1628 2583 augmentatur
1650 2494 1688 2562 in

355 2610 480 2681 cadem
506 2599 654 2676 ecclesia
678 2599 798 2672 nostra
822 2598 999 2672 desiderat
1024 2601 1142 2672 facere
1166 2596 1388 2693 personalem
1406 2642 1414 2657 ·
1434 2603 1687 2694 quamquidem

353 2717 581 2790 residentiam
598 2711 673 2784 line
688 2710 811 2784 manso
829 2713 922 2784 infra
937 2712 1125 2784 canoniam
1143 2711 1238 2783 ditio
1255 2708 1403 2783 ecclesie
1423 2709 1542 2784 nostre
1558 2709 1689 2787 fituato

354 2829 471 2902 ditius
487 2828 653 2898 dominus
671 2823 881 2895 Willelmus
907 2823 1094 2896 commode
1112 2823 1231 2894 facere
1247 2846 1320 2892 non
1343 2826 1477 2916 poterit
1495 2865 1503 2881 ·
1523 2828 1689 2917 quocirca

354 2941 531 3036 quandam
559 2936 771 3032 particulam
800 2945 896 3006 terre
922 2931 1042 3006 nostre
1069 2931 1190 3006 manso
1217 2935 1399 3029 prebende
1424 2937 1470 3006 de
1494 2936 1688 3031 Metblayk

353 3062 519 3147 exparte
544 3046 688 3121 australi
714 3050 921 3143 contiguam
938 3071 1008 3140 que
1025 3049 1063 3117 in
1081 3046 1307 3140 longitudine
1330 3048 1376 3118 ab
1399 3049 1538 3119 oriente
1564 3049 1608 3119 de
1631 3053 1689 3123 ria

352 3165 498 3261 publica
526 3172 612 3233 ante
640 3160 839 3254 predittum
868 3158 1032 3232 mansum
1062 3160 1107 3229 de
1136 3156 1330 3250 Methlayk
1356 3157 1464 3252 vsque
1494 3163 1539 3232 ad
1570 3161 1687 3234 lacum

352 3275 513 3350 nostrum
534 3269 655 3344 versus
679 3272 903 3342 occidentem
927 3312 936 3327 ·
958 3274 997 3342 in
1025 3270 1217 3342 latitudine
1234 3293 1318 3340 vero
1341 3295 1363 3342 a
1385 3272 1543 3363 preditto
1566 3272 1687 3347 manso

353 3392 398 3461 de
430 3384 625 3478 Methlayk
658 3407 722 3475 per
751 3379 905 3476 spatium
935 3385 1117 3477 ottoginta
1145 3383 1277 3474 pedum
1311 3385 1540 3474 protenditur
1568 3385 1688 3458 versus

352 3498 511 3573 austrum
534 3498 651 3567 eidem
669 3495 815 3564 domino
833 3493 1022 3564 Willelmo
1048 3496 1287 3565 concanonico
1313 3492 1433 3566 nostro
1458 3500 1687 3569 concedimus

354 3653 362 3671 ·
381 3655 389 3669 ·
408 3650 416 3667 ·
433 3634 475 3681 ac
492 3605 682 3679 statuimus
699 3606 793 3697 quod
812 3605 964 3697 quilibet
980 3603 1151 3677 successor
1168 3607 1254 3676 ditti
1276 3607 1410 3678 domini
1429 3608 1607 3681 Willelmi
1625 3614 1686 3703 qui

352 3722 569 3817 prebendam
587 3721 645 3791 cui
670 3719 785 3789 ditius
810 3716 953 3789 mansus
971 3741 1017 3789 ex
1035 3719 1229 3790 donatione
1254 3717 1413 3790 eiusdem
1439 3721 1573 3792 domini
1593 3721 1687 3794 Wil-

351 3835 451 3905 lelmi
468 3857 509 3904 ac
525 3831 739 3903 audtoritate
757 3826 876 3900 nostra
892 3830 1001 3901 fuerit
1018 3853 1181 3903 annexus
1198 3833 1395 3925 optinuerit
1413 3833 1542 3926 viginti
1557 3832 1686 3906 solidos

352 3944 481 4017 usualis
509 3953 655 4014 monete
685 3943 786 4036 regni
817 3944 998 4014 cononicis
1027 3954 1066 4013 et
1093 3943 1286 4037 capellanis
1316 3945 1353 4013 in
1383 3945 1508 4015 eadem
1540 3945 1687 4018 ecclesia

351 4055 469 4131 nostra
486 4057 608 4127 diuina
632 4053 898 4125 celebrantibus
923 4057 1111 4126 annuatim
1129 4055 1297 4127 videlicet
1318 4065 1403 4127 ante
1420 4054 1551 4127 festum
1568 4055 1685 4130 sanita

350 4168 536 4242 Trinitatis
561 4164 763 4258 persoluere
781 4176 949 4237 tencatur
966 4168 1132 4259 quodque
1151 4165 1237 4239 dieti
1263 4169 1425 4239 canonici
1449 4176 1487 4239 et
1510 4169 1683 4262 capellani

350 4279 496 4376 singulis
520 4278 622 4349 annis
647 4279 686 4346 in
711 4273 864 4348 crastino
890 4279 1060 4351 videlicet
1085 4277 1243 4350 eiusdem
1268 4276 1388 4350 sanae
1410 4278 1597 4352 Trinitatis
1621 4305 1685 4376 pro

351 4396 469 4466 anima
498 4384 617 4459 nostra
646 4398 685 4459 et
714 4389 901 4461 animabus
930 4392 1015 4462 dieti
1045 4390 1223 4462 Willelmi
1250 4385 1465 4482 suorumque
1493 4404 1684 4484 pareutum

349 4499 628 4577 anniuersarium
646 4500 683 4570 in
701 4500 826 4571 eadem
845 4501 993 4574 ecclelia
1008 4498 1128 4574 nostra
1145 4503 1277 4573 deuote
1294 4501 1475 4574 celebrare
1491 4513 1685 4577 teneantur
