4088 5430
291 604 391 698 xre]
761 604 1164 676 ABERDONENSE.
1567 614 1627 677 141

289 804 392 874 nobis
427 807 601 875 tenemini
633 818 671 875 et
701 804 766 874 sub
801 827 893 895 pena
923 827 992 895 que
1023 806 1198 897 competit
1231 804 1379 875 sinniter
1413 806 1631 895 iniungendo

289 918 499 987 mandamus
530 918 699 1008 quatinus
729 918 864 985 <lidum
900 915 1102 1008 episcopum
1134 916 1189 985 vel
1222 918 1414 1009 deputatos
1449 913 1556 1009 ipsrus
1586 918 1631 987 ‹le

289 1030 391 1099 «lists
409 1027 571 1099 secundis
589 1030 737 1100 decimis
755 1038 793 1097 et
812 1028 922 1098 etiam
941 1030 1068 1099 annuis
1092 1030 1292 1099 redditibus
1309 1040 1346 1099 et
1365 1031 1500 1099 iuribus
1518 1030 1632 1099 ecele-

289 1138 337 1210 lie
355 1138 527 1211 vniuersrs
545 1138 608 1211 s1bi
635 1152 673 1211 et
699 1138 846 1211 ecclsiis
872 1141 1003 1210 debitis
1029 1142 1121 1210 infra
1146 1142 1257 1211 didas
1283 1141 1410 1211 ballias
1429 1141 1630 1232 vbiennqne

289 1264 453 1346 prompte
471 1252 639 1324 deseruiri
665 1254 804 1323 faciatis
831 1276 894 1344 pro
920 1250 1051 1321 eisdem
1071 1250 1094 1320 sr
1115 1263 1152 1321 et
1170 1255 1339 1343 quociens
1366 1250 1503 1323 neeesse
1521 1254 1630 1324 fuerit

287 1367 501 1435 austeritate
536 1362 655 1436 nostra
689 1364 948 1457 compellentes
983 1387 1065 1433 cum
1101 1386 1171 1432 non
1204 1360 1247 1432 lit
1283 1360 1400 1434 nostre
1432 1365 1629 1435 voluntatis

288 1478 442 1547 intentio
460 1479 555 1569 quod
575 1500 639 1569 por
656 1477 793 1567 aliquas
811 1477 1021 1545 donationes
1048 1472 1246 1546 huiusmodi
1267 1478 1310 1545 de
1330 1500 1423 1545 nouo
1443 1478 1552 1548 fastus
1571 1478 1628 1547 vel

288 1592 322 1658 in
354 1586 572 1681 postremum
603 1590 783 1659 faciendas
814 1589 1033 1680 preisdieure
1069 1588 1205 1657 iuribus
1235 1584 1383 1658 ecclesie
1415 1588 1473 1658 sed
1509 1594 1629 1681 potius

286 1698 396 1792 ipsam
419 1704 456 1771 in
473 1700 544 1771 suis
571 1701 798 1771 libertatibus
825 1709 1012 1793 protegere
1030 1712 1067 1769 et
1086 1702 1208 1769 senene
1226 1738 1234 1754 ·
1254 1699 1296 1769 In
1324 1703 1425 1771 euius
1453 1703 1500 1771 rei
1530 1701 1628 1773 testi-

286 1816 446 1883 monium
466 1815 527 1884 bas
547 1814 667 1884 literas
685 1810 820 1883 nostras
846 1836 956 1905 penes
983 1814 1162 1904 prefatum
1181 1808 1382 1904 episcopum
1408 1815 1628 1887 remansuras

286 1937 323 1994 et
342 1927 442 1995 vobis
460 1929 628 2017 quociens
655 1923 791 1996 neeesse
810 1927 917 1995 suerit
936 1921 1172 1994 ostendendas
1190 1926 1264 1992 lieri
1286 1925 1434 1994 fecimus
1461 1938 1627 2017 patentes¹

285 2034 348 2107 sub
367 2035 480 2131 sigillo
507 2037 625 2107 nostro
643 2036 778 2107 secreto
796 2038 888 2129 apud
910 2036 1018 2106 Pertb
1045 2040 1169 2106 octauo
1187 2036 1245 2104 die
1264 2034 1394 2105 mensis
1410 2036 1512 2127 lnnij
1533 2062 1626 2108 antro

285 2151 383 2243 regni
404 2146 511 2219 nostri
532 2151 769 2220 duodecimo·

286 2486 342 2557 De
361 2497 488 2557 tenura
508 2486 697 2581 lleginaldi
718 2488 762 2555 de
781 2486 906 2577 bene
926 2487 958 2553 in
980 2486 1083 2553 terris
1102 2486 1146 2554 de
1164 2484 1340 2578 Clyntre·

292 2688 338 2781 ln
354 2711 369 2779 l
375 2714 424 2781 lei
443 2713 588 2780 nominc
603 2711 722 2779 Amen
738 2748 746 2763 ·
763 2708 944 2778 Nouerint
960 2705 1113 2777 vniuerli
1128 2711 1222 2800 quod
1241 2732 1335 2779 anno
1350 2708 1496 2781 Domini
1511 2712 1627 2781 mille-

283 2822 370 2892 limo
400 2820 651 2893 trecentesimo
682 2818 895 2914 odogesrmo
923 2817 1077 2890 seeundo
1112 2822 1306 2891 inditiione
1336 2823 1463 2913 quinta
1496 2820 1626 2893 nrensrs

282 2936 371 3029 ‚tutij
391 2938 448 3006 die
467 2935 593 3004 vltimo
621 2934 850 3026 pontificatus
877 2933 1011 3001 domini
1030 2931 1231 3003 Clementis
1255 2956 1346 3026 pape
1364 2932 1505 3026 septimi
1532 2959 1626 3005 auno

282 3062 410 3139 quarto
428 3051 463 3118 in
483 3047 588 3139 plena
614 3048 711 3116 curia
736 3045 922 3113 reuerendi
941 3046 977 3113 in
997 3040 1138 3113 Christo
1165 3047 1276 3135 patris
1302 3045 1436 3114 domini
1455 3044 1538 3115 Ado
1558 3044 1625 3115 Dei

281 3163 397 3254 gratia
430 3158 581 3252 episcopi
615 3153 880 3227 Aberdonenlis
916 3166 1017 3226 tenta
1052 3154 1157 3247 super
1191 3167 1315 3225 mont-e
1349 3154 1458 3226 sassi
1488 3155 1625 3227 Tbome

282 3274 437 3343 martiris
468 3275 570 3342 iuxta
598 3272 783 3340 canoniam
817 3270 861 3337 de
891 3268 1061 3337 Aberdon
1094 3289 1158 3359 per
1187 3266 1300 3359 ipsum
1334 3270 1429 3338 inter
1458 3281 1625 3339 tenentes

282 3382 429 3455 ecclesie
447 3383 507 3454 sue
523 3381 628 3475 lbper
641 3378 840 3452 ostensione
858 3392 1038 3450 cartarum
1056 3378 1197 3450 suarum
1216 3390 1253 3449 et
1271 3380 1449 3471 quomodo
1467 3380 1624 3453 clamant

283 3495 318 3566 se
344 3499 388 3568 de
414 3492 563 3566 ecelesia
589 3506 713 3563 tenere
742 3504 886 3584 propter
912 3492 981 3561 boe
1008 3491 1139 3579 ibidem
1170 3488 1402 3582 personaliter
1428 3491 1625 3564 constituto

282 3608 392 3679 nobili
420 3610 495 3676 viro
525 3605 725 3698 Reginaldo
756 3604 801 3672 de
831 3602 957 3695 bene
989 3626 1051 3694 per
1078 3603 1213 3672 (lidum
1240 3602 1424 3671 dominum
1457 3603 1625 3694 requisito

281 3722 374 3812 quod
402 3717 607 3788 ostenderet
634 3716 812 3807 quomodo
831 3711 866 3801 se
884 3715 1016 3784 elamat
1043 3724 1156 3785 terras
1174 3715 1218 3784 de
1236 3713 1385 3784 Clentre
1409 3715 1453 3783 de
1477 3714 1626 3789 ecclelia

284 3826 529 3901 Aberdonenli
550 3828 651 3899 etde
676 3823 750 3919 ipso
775 3837 900 3896 tenere
927 3823 1107 3916 respondit
1133 3825 1228 3917 quod
1255 3837 1390 3895 cartam
1416 3849 1488 3895 non
1515 3827 1624 3900 babet

281 3944 339 4013 sed
358 3942 490 4012 clamat
509 3940 545 4009 se
563 3940 674 4009 dietas
696 3948 809 4007 terras
827 3938 871 4008 de
890 3933 1039 4007 ecelesia
1055 3932 1303 4007 Aberdonenli
1323 3946 1362 4006 et
1378 3934 1542 4031 episeopo
1560 3962 1624 4033 pro

281 4053 342 4121 liro
361 4064 523 4145 tempore
541 4061 683 4121 tantum
703 4057 741 4118 et
758 4071 831 4118 non
850 4050 893 4119 ad
911 4048 1068 4139 aliquem
1087 4046 1294 4117 ulteriorem
1311 4048 1480 4119 heredem
1498 4059 1625 4122 tenere

282 4189 344 4257 pro
371 4166 449 4235 odo
476 4163 630 4234 denariis
655 4160 711 4231 vel
738 4183 806 4231 vna
834 4160 925 4230 libra
950 4182 1030 4229 cere
1058 4181 1282 4251 perannum
1308 4155 1383 4230 line
1408 4160 1529 4253 aliquo
1553 4162 1625 4234 alio

280 4275 429 4346 seruieio
448 4274 540 4347 seda
558 4274 676 4344 warda
693 4271 749 4343 vel
776 4272 990 4365 maritagio·
1009 4268 1213 4340 confitendo
1235 4272 1329 4362 quod
1347 4270 1393 4341 ad
1410 4271 1623 4345 fidelitatem

282 4388 480 4458 taciendam
511 4388 606 4456 uiuo
632 4386 779 4455 domino
806 4379 969 4476 episcopo
993 4393 1141 4452 tenetur
1163 4403 1227 4473 pro
1251 4380 1410 4453 eisdem·
1429 4381 1534 4477 super
1553 4408 1624 4477 quo

286 4500 455 4570 veridisto
482 4499 575 4569 bone
593 4506 631 4568 et
650 4495 872 4568 rationalibis
892 4489 991 4565 aslise
1008 4489 1043 4565 se
1060 4490 1248 4565 submisit·
1267 4517 1337 4586 que
1354 4495 1498 4587 quidem
1525 4492 1625 4569 affib
