4058 5430
335 629 404 699 392
850 616 1155 694 REGISTRUM
1520 616 1683 713 [ancum

334 821 396 893 seu
414 827 623 913 procurator
640 818 815 891 ditiorum
834 821 1047 893 vicariorum
1065 822 1126 911 qui
1150 841 1215 911 pro
1243 828 1406 911 tempore
1432 817 1542 888 suerit
1561 821 1601 888 in
1618 817 1683 887 die

334 930 565 1023 anniuersarij
584 927 742 1003 eiusdem
768 930 905 1005 Thome
922 933 1085 1005 tabulam
1110 926 1295 1002 honestam
1313 928 1418 1022 super
1442 931 1521 999 eiua
1546 952 1683 999 monu-

334 1052 501 1114 mentum
514 1051 626 1136 ponet
642 1054 681 1113 et
694 1041 828 1116 locabit
841 1046 993 1117 eandem
1007 1044 1116 1138 pallio
1127 1043 1273 1115 decenti
1286 1041 1468 1134 cooperiet
1483 1041 1684 1112 luminaria

335 1176 426 1225 enea
443 1155 607 1224 inueniet
632 1163 824 1247 ceteraque
841 1158 964 1228 omnia
980 1168 1018 1228 et
1044 1153 1182 1250 singula
1199 1157 1238 1225 in
1264 1153 1397 1225 talibus
1423 1150 1682 1245 anniuersarijs

335 1260 466 1336 vsitata
491 1274 530 1336 et
555 1263 725 1337 consueta
743 1266 852 1339 faciet
877 1291 988 1340 ·cum
1013 1264 1252 1338 instrumento
1279 1261 1392 1337 sasrne
1418 1261 1523 1356 super
1549 1265 1681 1336 eadem

336 1376 421 1446 dato
438 1377 476 1468 iij
502 1375 528 1445 J
531 1376 593 1469 ulij
616 1397 685 1447 nn.
704 1377 942 1473 n.n.[xx]v1.

338 1685 465 1787 Carta
480 1710 506 1781 J
509 1712 659 1784 ohannis
676 1713 792 1809 Crago
809 1712 996 1811 burgensis
1024 1717 1069 1786 de
1087 1715 1284 1787 Aberdene
1301 1714 1347 1784 de
1364 1722 1461 1785 terra
1477 1716 1621 1784 iacente
1639 1714 1681 1783 in

336 1829 416 1898 vico
433 1827 614 1899 furcarum
637 1851 684 1899 ex
710 1828 926 1900 occidentali
951 1837 1056 1922 parte
1081 1824 1239 1899 eiusdem
1266 1826 1333 1896 rici
1360 1826 1508 1896 vendita
1534 1822 1681 1896 Jacobo

338 1937 502 2033 Lyndsay
515 1940 643 2010 reiiori
662 1940 707 2010 de
719 1938 899 2034 Forglene
917 1981 925 1997 ·
946 1940 1126 2012 Facienda
1140 1940 1233 2035 Regi
1249 1936 1442 2009 seruicium
1460 1937 1681 2031 burgagium

337 2051 500 2121 debitum
515 2061 553 2122 et
564 2048 775 2123 consuetum
790 2052 838 2122 ·A
843 2053 917 2146 pud
930 2050 1126 2124 Aberdene
1137 2053 1237 2143 xxvij
1251 2050 1347 2143 Aug.
1364 2068 1679 2122 n.n.n.n.xxv111.

339 2364 634 2460 lustramentum
662 2386 767 2481 super
796 2385 1037 2483 resignatione
1072 2391 1166 2461 satta
1198 2412 1263 2481 per
1290 2386 1486 2460 Barbaram
1526 2384 1680 2477 Murray

335 2496 497 2593 sponsam
511 2496 536 2569 J
539 2501 689 2571 ohannis
707 2499 822 2594 Oraga
840 2498 904 2572 sue
921 2503 1112 2573 coniuncte
1131 2502 1384 2573 infeodaticnis
1411 2500 1505 2570 dicte
1522 2507 1619 2569 terre
1636 2521 1680 2567 ac

335 2608 441 2704 super
460 2607 572 2682 sasrna
588 2609 749 2683 eiusdem
767 2653 775 2668 ·
796 2609 935 2684 Datum
954 2614 1081 2684 eodem
1098 2614 1158 2683 die
1176 2657 1184 2672 ·

341 2924 574 3041 Preceptum
600 2948 734 3019 Ganini
761 2945 919 3042 episcopi
945 2948 990 3017 de
1016 2944 1128 3019 sasrna
1153 2948 1270 3018 danda
1296 2947 1436 3038 vicarijs
1452 2946 1550 3016 chori
1577 2955 1680 3015 tene-

338 3061 454 3129 menti
469 3061 594 3153 viginti
612 3061 781 3130 nudarum
793 3070 889 3130 terre
904 3061 1053 3130 iacentia
1066 3059 1159 3130 infra
1176 3060 1363 3129 ciuitatem
1381 3054 1679 3128 Aberdonensem

339 3195 385 3241 ex
422 3171 636 3242 occidentali
664 3180 764 3263 parte
797 3171 956 3243 eiusdem
990 3173 1150 3242 ciuitatis
1180 3194 1222 3241 ae
1252 3166 1420 3264 resignati
1450 3172 1487 3240 in
1515 3170 1679 3239 sanorem

339 3284 537 3352 eorundem
556 3285 770 3353 vicariorum
799 3285 835 3354 in
862 3283 1027 3354 manibus
1053 3284 1136 3353 diei
1163 3280 1316 3376 episcopi
1343 3296 1515 3373 tanquam
1541 3282 1678 3350 domini

338 3393 528 3486 superioris
553 3418 618 3487 per
643 3393 666 3463 J
672 3395 824 3464 acobum
846 3392 1001 3489 Lindsay
1017 3396 1190 3466 reaorem
1209 3395 1254 3464 de
1273 3393 1428 3488 Forglcn
1446 3417 1487 3465 ac
1505 3393 1677 3462 vicariurn

338 3507 384 3575 de
406 3506 604 3600 Newtylde
623 3545 631 3560 ·
648 3508 707 3598 xvj
727 3505 806 3577 Οᾶ.
826 3528 898 3577 Μ).
916 3526 1111 3577 mnxxrx.

341 3758 636 3859 instrumentum
662 3783 878 3877 possessionis
896 3785 1057 3858 eiusdem
1075 3789 1302 3858 tenementi·
1326 3787 1462 3858 Datum
1483 3787 1567 3879 xxvj
1589 3786 1682 3879 Sep·

338 3900 486 3971 tembris
504 3920 575 3968 nn.
595 3918 774 3967 nanxxx.

339 4153 464 4253 Carta
489 4177 707 4271 episcopide
727 4177 856 4247 eodem
883 4188 1093 4250 tenemento
1113 4202 1177 4272 pro
1198 4203 1271 4272 quo
1290 4181 1435 4272 quidem
1455 4180 1537 4250 diiii
1556 4182 1677 4274 vicarij

337 4290 572 4362 celebrabunt
597 4298 750 4380 quatuor
775 4283 894 4359 missas
919 4314 981 4383 pro
998 4293 1119 4362 anima
1145 4293 1275 4384 prefati
1301 4291 1327 4360 J
1330 4293 1430 4363 acobi
1449 4290 1615 4385 Lyndsay
1633 4297 1681 4365 ad

337 4403 451 4474 altare
470 4402 566 4470 beati
586 4399 706 4470 Marie
726 4401 874 4494 virginis
892 4402 929 4471 in
947 4399 1096 4474 ecclesia
1118 4403 1316 4475 cathedrali
1335 4401 1614 4475 construendum
1640 4418 1681 4477 et

336 4512 573 4609 reparandum
605 4523 643 4581 et
661 4510 769 4603 vsque
787 4512 832 4581 ad
859 4517 1122 4606 reparationem
1150 4513 1237 4588 dicti
1255 4514 1379 4587 altaris
1400 4518 1445 4587 ad
1462 4516 1574 4587 altare
1600 4519 1678 4592 diui
