4088 5430
433 604 480 669 30
943 591 1246 666 unursruum
1611 591 1762 687 [secun

432 817 520 866 num
537 802 575 865 et
592 792 788 885 capitulum
814 791 921 885 pleno
939 792 1023 884 jure
1040 793 1229 883 quominus
1253 791 1360 885 plene
1385 800 1424 862 et
1448 790 1559 862 libere
1583 791 1763 886 gaudeant
1897 780 1902 793 “

426 909 509 1001 jure
525 904 587 976 suo
604 915 649 978 et
659 900 864 998 poffeffione
883 902 946 974 sua
967 905 1004 974 in
1028 900 1176 975 ecclesra
1192 913 1388 976 memorata
1404 900 1483 997 post
1499 899 1689 976 cessionem
1705 903 1763 977 vel

432 1014 609 1089 decessum
635 1013 743 1110 ipsrus
768 1012 925 1111 magistri
950 1016 1098 1087 Andree
1123 1054 1132 1072 ·
1159 1014 1204 1086 ln
1228 1015 1329 1108 cujus
1353 1017 1405 1087 rei
1431 1012 1675 1087 testimouium
1699 1015 1763 1089 has

432 1130 553 1202 literas
576 1125 712 1201 nostrae
735 1128 812 1199 fieri
838 1129 987 1199 fecimus
1011 1136 1177 1221 patentes
1193 1165 1201 1180 ·
1218 1122 1382 1198 Testibus
1398 1126 1607 1199 Alexandro
1624 1126 1762 1220 Comyn
1791 1126 1796 1140 ‘

432 1244 563 1313 comite
580 1244 625 1313 dc
642 1241 814 1312 Buchane
832 1236 1028 1332 justiciario
1052 1239 1174 1311 Scotie
1192 1278 1201 1295 ·
1220 1236 1377 1332 Hugone
1403 1239 1448 1310 de
1470 1239 1708 1332 Abbernethy
1724 1247 1763 1309 et

431 1353 598 1424 Johanne
614 1355 659 1424 de
676 1350 848 1434 malevile
863 1389 872 1404 ·
890 1352 983 1444 apud
1002 1350 1147 1443 Kyntor
1162 1387 1170 1406 ·
1188 1348 1299 1420 Anno
1315 1353 1416 1445 regni
1433 1348 1543 1422 nostri
1560 1347 1684 1444 xxiiij¹⁰
1701 1389 1709 1404 ·

433 1688 541 1761 Carta
572 1690 791 1762 fundationis
825 1709 927 1760 rerre
961 1682 1194 1759 ecclesrastice
1223 1686 1308 1759 ville
1342 1688 1387 1758 de
1415 1685 1546 1758 Turres
1574 1689 1763 1759 continens
1799 1669 1802 1675 ¹

433 1801 565 1874 limites
581 1798 737 1894 ejusdem
756 1841 764 1858 ·

433 2000 623 2098 Omnibus
649 2024 767 2097 sancte
795 2026 919 2097 matris
948 2018 1094 2095 ecclesre
1118 2021 1200 2093 liliis
1229 2024 1274 2094 ad
1302 2045 1390 2115 quoe
1418 2020 1561 2115 presens
1591 2025 1762 2118 scriptum

429 2139 634 2231 peruenerit
646 2135 855 2208 Alexander
867 2136 1034 2228 Cumyng
1050 2157 1168 2206 comes
1185 2134 1229 2206 de
1242 2134 1414 2207 Buchane
1431 2134 1584 2207 salutem
1602 2144 1763 2209 eternam

429 2252 468 2320 in
483 2249 668 2321 Domino·
688 2248 843 2320 Noverit
863 2243 1072 2318 vniuersrtae
1089 2243 1204 2318 vestra
1228 2268 1293 2317 noe
1318 2248 1363 2319 de
1388 2244 1534 2319 consrlio
1551 2249 1763 2321 venerabilis

431 2364 541 2455 patris
566 2360 605 2432 H
631 2402 639 2418 ·
667 2360 738 2432 Dei
766 2361 882 2455 gratia
907 2353 1164 2430 Abirdonensrs
1194 2354 1346 2453 episcopi
1374 2379 1516 2431 Necnon
1545 2367 1584 2431 et
1612 2359 1762 2431 aliorum

431 2472 687 2545 venerabilium
703 2480 846 2566 patrum
860 2468 1102 2564 episcoporum
1118 2472 1219 2564 regni
1234 2467 1356 2542 Scotie
1369 2509 1377 2528 ·
1391 2492 1541 2542 Domum
1557 2468 1764 2544 elemosma-

430 2588 519 2657 riam
537 2587 630 2678 apud
646 2583 803 2656 Turrech
820 2586 858 2655 in
871 2582 1043 2654 Buchane
1060 2578 1288 2654 construxisse
1306 2591 1344 2653 et
1360 2605 1425 2654 nos
1443 2583 1564 2654 diuine
1580 2584 1764 2656 charitatis

431 2701 567 2770 intuitu
596 2706 634 2770 et
662 2720 726 2791 pro
751 2694 865 2768 salute
894 2696 1012 2766 anime
1038 2694 1173 2765 domini
1198 2693 1398 2765 Alexandri
1425 2693 1496 2765 Dei
1521 2696 1637 2788 gratia
1661 2699 1763 2790 aegia

432 2809 622 2881 Scotorum
645 2802 865 2880 illustrifflmi
885 2815 923 2878 et
939 2805 1082 2877 suorum
1107 2802 1339 2877 successorum
1364 2807 1557 2898 Animeque
1580 2803 1700 2878 nostre
1724 2816 1763 2879 et

432 2922 592 2992 omnium
609 2916 843 2992 successorum
868 2914 1067 2989 nostrorum
1093 2913 1223 2989 dedisse
1248 2912 1447 2989 conceffilse
1465 2926 1503 2989 et
1520 2918 1585 2990 hac
1607 2915 1761 3011 presenti

432 3044 530 3104 carta
553 3029 672 3103 nostra
689 3027 906 3104 confimalse
923 3028 1003 3100 Deo
1021 3037 1059 3100 et
1076 3029 1181 3100 beate
1200 3027 1317 3101 Marie
1335 3037 1373 3101 et
1390 3026 1507 3101 aneo
1525 3029 1696 3126 congano
1717 3031 1763 3101 de

431 3139 588 3215 Turrech
605 3144 768 3235 dideque
785 3143 907 3213 domui
927 3153 966 3212 et
988 3136 1154 3236 magistro
1178 3141 1370 3234 capellanis
1390 3149 1429 3212 et
1450 3141 1528 3213 aliis
1549 3144 1762 3236 pauperibus

432 3261 468 3328 in
483 3255 579 3330 dicta
589 3256 694 3327 domo
705 3256 750 3325 de
759 3254 903 3326 Turreff
914 3253 994 3325 Deo
1007 3249 1244 3324 seruientibus
1256 3267 1294 3325 et
1307 3255 1345 3323 in
1357 3262 1570 3345 perpetuum
1580 3251 1762 3327 seruituris

433 3380 555 3443 rotam
571 3377 703 3439 terram
716 3368 761 3437 de
774 3366 1013 3460 Cnookr'kuby⁷
1027 3405 1035 3422 ·
1048 3365 1256 3436 Tenendum
1274 3372 1312 3435 et
1329 3364 1529 3436 habendam
1543 3365 1587 3436 de
1604 3367 1707 3438 nobis
1723 3376 1761 3438 et
1822 3379 1825 3383 ’

434 3477 560 3557 nostris
585 3475 835 3551 successoribus
860 3479 977 3548 eidem
1002 3473 1167 3572 magistro
1185 3476 1377 3570 capellanis
1394 3484 1432 3547 et
1447 3476 1526 3548 aliia
1548 3479 1761 3572 pauperibus

421 3592 565 3684 ¹jbidem
584 3591 663 3662 Deo
679 3587 916 3661 seruientibus
932 3597 971 3659 et
989 3590 1028 3659 in
1046 3597 1257 3683 perpetuum
1275 3585 1456 3658 seruitnria
1473 3611 1537 3679 per
1551 3589 1616 3660 hae
1633 3589 1761 3663 diuisae

435 3702 643 3798 subscriptus
672 3741 680 3757 ·
707 3698 842 3774 scilieet
870 3703 965 3772 inter
993 3701 1123 3772 didam
1153 3708 1284 3771 terram
1314 3709 1353 3770 et
1382 3697 1559 3793 Kinarmy
1585 3724 1632 3772 ex
1660 3712 1762 3795 parte

435 3812 577 3887 australi
603 3812 692 3886 srcut
716 3814 853 3885 rinulns
879 3809 1059 3884 descendit
1083 3815 1121 3883 in
1139 3811 1278 3883 Parcok
1302 3812 1362 3903 qui
1383 3821 1530 3882 vocatur
1546 3811 1699 3885 Putachi
1725 3824 1763 3886 et

437 3923 483 3998 src
501 3923 589 3998 srcnt
602 3925 739 3998 Parcok
752 3922 935 3998 deseendit
950 3927 989 3995 in
1005 3947 1135 4017 aquam
1152 3924 1197 3995 de
1211 3924 1380 3995 Douerue
1397 3932 1436 3995 et
1452 3920 1500 3995 fic
1515 3946 1581 4016 per
1593 3924 1761 3999 Douerne

435 4036 544 4131 nsque
561 4038 605 4109 ad
622 4037 778 4108 riuulum
794 4039 890 4109 inter
901 4033 1139 4131 Achinsoight
1155 4045 1193 4108 et
1206 4035 1356 4129 Cnoclry
1368 4058 1415 4107 ex
1431 4044 1533 4129 parte
1550 4037 1763 4111 occidentali

436 4151 496 4241 qui
514 4149 644 4219 dicitur
660 4147 890 4220 Cnoekibum
907 4158 945 4220 et
961 4144 1010 4220 fic
1026 4144 1245 4220 ascendendo
1267 4171 1332 4242 per
1355 4147 1458 4218 illum
1479 4148 1636 4221 riuulum
1652 4146 1763 4243 usque

435 4261 480 4331 ad
506 4260 637 4332 vadum
664 4261 702 4329 in
731 4262 848 4353 capite
877 4260 963 4331 diiii
991 4259 1098 4331 riuuli
1127 4261 1272 4331 nomine
1299 4257 1468 4351 Hacraky
1494 4269 1532 4331 et
1557 4255 1604 4332 src
1630 4261 1675 4332 de
1698 4260 1762 4333 illo

436 4373 526 4446 vado
550 4396 615 4467 per
638 4394 748 4442 vnum
774 4367 927 4443 fiketum
950 4369 1224 4444 descendentem
1250 4368 1358 4463 vsque
1383 4371 1428 4443 ad
1454 4372 1584 4443 vadum
1610 4374 1655 4443 de
1677 4372 1763 4444 Tul-

435 4484 513 4580 killj
539 4493 577 4556 et
602 4480 649 4555 sre
672 4479 916 4554 descendendo
941 4483 986 4556 de
1010 4482 1073 4555 illo
1098 4483 1215 4556 riuulo
1231 4479 1339 4576 usque
1362 4483 1408 4554 ad
1432 4483 1590 4556 riuulum
1613 4483 1759 4578 quarellj
