4088 5430
347 634 393 699 40
863 617 1169 693 uncisrnuii
1535 622 1686 718 [secun

346 826 530 898 censuram
569 816 840 893 ecclesiasticam
875 820 920 890 ad
953 821 1131 912 integram
1166 828 1205 889 et
1238 817 1435 912 plenariam
1469 829 1508 892 et
1543 822 1688 894 fidelem

346 936 633 1009 obseruationem
650 935 811 1004 omniurn
828 927 1072 1026 premissorum
1089 933 1127 1001 in
1144 927 1216 1031 suis
1229 928 1376 1024 singulis
1393 933 1554 1006 articulis
1571 932 1691 1007 striste

346 1050 447 1119 etde
468 1047 576 1142 plano
601 1043 817 1138 compellere
840 1042 996 1114 finaliter
1020 1044 1236 1114 renuncians
1261 1065 1325 1135 pro
1350 1066 1410 1114 me
1435 1054 1473 1115 et
1500 1046 1691 1118 heredibus

347 1163 436 1230 iiieis
450 1170 487 1229 et
500 1156 754 1229 executoribus
771 1157 809 1225 in
827 1165 1043 1248 perpetuum
1060 1163 1236 1246 quantum
1254 1155 1298 1225 ad
1316 1153 1481 1249 premissa
1497 1167 1536 1228 et
1553 1154 1691 1253 sinffiila

347 1267 590 1364 premissorum
624 1267 830 1360 exceptioni
864 1266 937 1336 doli
970 1264 1057 1337 mali
1092 1267 1128 1336 in
1158 1265 1292 1336 iseum
1327 1267 1456 1338 astioni
1490 1266 1693 1362 specialiter

347 1382 461 1452 literis
488 1377 690 1474 apostolicis
717 1388 755 1449 et
785 1378 1086 1471 prohibitionibus
1115 1378 1223 1471 regiis
1250 1376 1306 1447 vel
1335 1401 1550 1472 quacunque
1579 1382 1693 1453 forma

349 1495 537 1565 verborum
556 1494 756 1586 impetratis
773 1488 835 1561 seu
853 1490 1086 1584 impetrandis
1103 1512 1145 1559 ac
1162 1491 1260 1559 omni
1279 1491 1365 1560 iuris
1382 1501 1419 1562 et
1433 1492 1516 1562 facti
1534 1495 1692 1565 remedio

348 1620 423 1677 tam
441 1606 602 1676 canonici
620 1626 727 1696 quam
745 1601 863 1673 ciuilis
889 1625 956 1672 nec
974 1624 1046 1671 non
1065 1610 1102 1670 et
1120 1602 1335 1671 omnimodis
1361 1605 1634 1697 exceptionibus
1650 1629 1692 1677 ac

349 1717 618 1789 defencionibus
644 1739 714 1808 que
739 1715 828 1784 mihi
852 1712 1044 1784 heredibus
1069 1712 1160 1781 meis
1178 1711 1234 1781 vel
1258 1715 1510 1785 executoribus
1534 1713 1693 1809 prodesse

350 1832 508 1922 poterint
526 1839 563 1898 et
581 1828 675 1897 disto
688 1825 848 1896 Henrico
867 1820 1126 1915 heredibusque
1144 1819 1214 1893 suis
1232 1826 1268 1894 iri
1286 1824 1407 1918 ahquo
1424 1824 1540 1898 obesse
1557 1829 1693 1899 insutu-

349 1965 427 2012 rum
440 1941 545 2034 super
556 1934 727 2032 premissis
739 1937 796 2007 vel
808 1936 927 2029 aliquo
939 1931 1183 2028 premissorum
1198 1935 1261 2006 ·In
1272 1937 1374 2008 cuius
1385 1941 1436 2009 rei
1448 1935 1693 2011 testimonium

351 2052 505 2145 presenti
523 2051 652 2144 scripto
670 2047 825 2144 sigillum
851 2072 971 2118 meum
999 2043 1146 2140 apposui
1165 2049 1265 2119 etad
1283 2071 1401 2120 meam
1425 2047 1692 2143 requisitionem

350 2164 537 2256 specialem
558 2159 711 2255 sigillum
737 2161 868 2231 nobilis
886 2161 953 2230 viri
979 2160 1116 2228 domini
1135 2158 1287 2230 Roberti
1305 2161 1351 2231 de
1368 2160 1472 2232 Keth
1489 2161 1692 2243 marescalli

351 2276 473 2346 Scotie
504 2285 541 2344 et
571 2288 659 2344 tunc
690 2274 912 2344 vicecomitis
947 2273 992 2340 de
1022 2269 1196 2341 Aberden
1232 2311 1240 2326 ·
1273 2269 1505 2344 discretorum
1538 2277 1692 2347 virorum

351 2384 508 2480 magistri
529 2387 666 2456 Thome
692 2387 738 2456 de
764 2383 920 2476 Salchop
945 2380 1148 2472 cancellarij
1176 2380 1445 2455 Aberdonensis
1470 2395 1508 2456 et
1533 2387 1693 2458 officialis

351 2501 448 2569 curie
462 2499 597 2567 domini
612 2493 765 2589 episcopi
781 2505 819 2565 et
832 2495 967 2565 domini
980 2492 1090 2563 Alani
1106 2494 1151 2565 de
1165 2494 1332 2567 Morauia
1349 2505 1438 2568 tunc
1455 2500 1692 2571 archidiaconi

352 2605 619 2680 Aherdonensis
650 2604 875 2700 presentibus
909 2606 1043 2699 pariter
1073 2607 1189 2700 gratia
1219 2603 1413 2701 testimonij
1449 2613 1579 2704 apponi
1614 2635 1693 2705 pro·

353 2723 502 2792 curaui·
522 2720 619 2791 Data
645 2719 739 2812 apud
757 2718 928 2788 Aberden
956 2717 1015 2786 die
1041 2715 1146 2788 Luno
1172 2721 1336 2810 proxima
1363 2719 1380 2815 [
1517 2719 1534 2814 ]
1562 2720 1690 2794 festum

353 2832 501 2924 Gregori
501 2833 518 2924 j
537 2831 634 2924 Pape.
651 2854 746 2901 anno
760 2828 908 2900 Domini
925 2826 1110 2901 millesimo
1128 2836 1225 2902 cccmo
1242 2871 1250 2887 ·
1269 2841 1397 2923 quarto
1415 2873 1423 2889 ·

353 3168 528 3240 Venditio
545 3171 649 3239 crosti
668 3170 713 3239 de
731 3168 997 3261 Spyttalhillis·

355 3380 547 3477 Omnibus
563 3406 631 3476 boc
645 3403 817 3498 scriptum
832 3402 956 3475 visuris
970 3403 1026 3474 vel
1045 3400 1220 3473 audituris
1234 3397 1364 3469 Alesia
1380 3398 1474 3469 dista
1486 3397 1693 3492 Chapelane

354 3518 428 3587 lilia
452 3517 631 3608 quondam
659 3517 741 3588 Ade
767 3517 975 3610 Chapelane
1000 3507 1183 3608 burgensis
1209 3512 1254 3581 de
1279 3509 1451 3581 Aberden
1477 3507 1628 3582 salutem
1655 3516 1693 3582 in

355 3627 512 3699 Domino
529 3627 782 3722 sempiternam
800 3667 808 3684 ·
824 3628 1011 3700 Noueritis
1024 3650 1083 3697 me
1097 3621 1202 3697 causa
1213 3617 1454 3717 urgentissime
1471 3626 1694 3716 paupertatis

355 3751 392 3808 et
410 3735 625 3811 necessitatis
643 3736 836 3812 vendidisse
853 3751 892 3811 et
909 3739 1013 3812 causa
1025 3737 1243 3809 venditionis
1259 3731 1476 3806 renuntiasse
1493 3745 1531 3806 et
1549 3739 1693 3828 penitus

355 3853 476 3942 quiete
494 3851 656 3923 clamasse
674 3877 741 3923 neo
759 3876 831 3923 non
850 3863 888 3923 et
904 3852 970 3923 hac
989 3846 1145 3944 presenti
1163 3857 1262 3919 carta
1276 3869 1359 3918 mea
1375 3847 1593 3918 venditionis
1610 3872 1693 3920 con·

355 3959 503 4033 firmasse
521 3964 665 4034 domino
685 3963 844 4035 Henrico
863 3964 1015 4035 Martini
1033 3954 1299 4031 Aberdonensis
1316 3955 1464 4030 ecclesie
1481 3960 1693 4032 cancellario

356 4075 587 4145 medictatem
614 4077 718 4146 crosti
746 4077 842 4148 illius
865 4077 959 4169 quod
983 4082 1133 4145 vocatur
1158 4070 1194 4165 ly
1220 4070 1462 4164 Spyttalhillis
1483 4072 1634 4143 iacentis
1655 4078 1691 4145 in

356 4186 536 4255 territorio
562 4187 664 4282 burgi
694 4188 739 4259 de
765 4189 941 4260 Aberden
964 4211 1035 4281 que
1060 4185 1241 4279 quondam
1268 4184 1338 4252 fuit
1363 4183 1495 4276 Rogeri
1522 4185 1584 4255 filii
1610 4185 1692 4258 Ade

355 4320 414 4366 me
430 4299 702 4390 contingentem
728 4301 944 4371 hereditarie
959 4300 1099 4372 ratione
1118 4296 1262 4368 Helene
1287 4297 1412 4366 matris
1430 4319 1509 4366 mee
1526 4320 1590 4389 pro
1608 4321 1693 4390 qua·

356 4409 438 4480 dam
464 4408 601 4480 sumina
626 4413 777 4502 pecunie
803 4421 991 4483 numerate
1012 4407 1262 4504 sterlingorum
1280 4418 1394 4500 quam
1415 4408 1509 4479 idem
1528 4409 1694 4481 dominus

356 4519 537 4593 Henricus
554 4522 642 4592 mihi
661 4532 821 4615 tempore
835 4524 1066 4595 confessionis
1083 4518 1257 4616 presentis
1275 4519 1393 4613 scripti
1412 4521 1448 4590 in
1466 4542 1547 4592 mea
1564 4543 1693 4617 magna
