4088 5430
346 618 414 693 196
856 606 1162 684 REGISTRUM
1529 610 1680 705 [secum

347 812 391 883 In
416 807 659 904 premissorum
684 807 928 881 testimonium
953 807 1110 904 sigillum
1134 805 1295 879 nostrum
1323 805 1547 903 presentibus
1573 833 1683 902 penes

347 920 533 996 ecclesiam
563 918 859 994 Aberdonensem
888 932 926 993 ct
956 918 1137 1014 episcopos
1164 917 1441 993 Aberdonenses
1471 917 1683 993 remansuris

348 1038 497 1108 fecimus
514 1037 644 1129 apponi
658 1072 666 1090 ·
681 1033 818 1105 Datum
835 1034 930 1128 apud
944 1033 1131 1104 Abirdone
1144 1029 1309 1104 vicesimo
1328 1034 1386 1103 die
1404 1032 1534 1104 mensis
1547 1033 1683 1127 Aprilis

348 1171 442 1220 anno
459 1147 608 1219 Domini
625 1141 812 1217 millesimo
829 1140 1080 1216 trecentesimo
1098 1141 1327 1239 nonogesimo
1344 1146 1454 1215 tertio
1473 1182 1481 1202 ·

349 1479 533 1555 Concessio
556 1480 790 1554 secundarum
812 1483 1030 1555 decimarum
1056 1481 1101 1551 de
1118 1478 1247 1572 Obeyn
1265 1481 1411 1551 domino
1431 1481 1619 1552 Willelmo
1638 1484 1682 1553 de

351 1594 452 1665 Ketli
469 1618 533 1687 pro
551 1604 712 1688 tempore
730 1595 805 1664 vite
823 1635 832 1650 ·

351 1797 545 1893 Vniuersa
561 1814 743 1914 presentes
760 1817 883 1889 literas
896 1813 1104 1910 inspetturis
1119 1815 1305 1888 Gilbertus
1321 1814 1549 1888 miseratione
1562 1819 1685 1890 diuina

349 1930 532 2026 episcopus
562 1926 828 2002 Aberdonensis
862 1938 1023 2000 eternam
1058 1930 1096 1999 iii
1124 1927 1282 1999 Domino
1311 1926 1463 2000 salutem
1493 1969 1501 1985 ·
1528 1930 1685 2004 Nouerit

350 2038 559 2115 vniuerfitas
576 2039 693 2113 vestra
715 2065 781 2112 nos
798 2042 843 2112 de
861 2038 1031 2112 consensu
1048 2042 1174 2112 decani
1192 2049 1230 2111 et
1247 2041 1396 2133 capituli
1422 2038 1531 2113 nostri
1549 2048 1685 2116 vocatis

348 2157 409 2248 qui
440 2154 584 2224 fuerant
611 2154 783 2227 euocandi
813 2152 968 2224 tradetu
994 2150 1166 2246 solempni
1192 2165 1230 2223 et
1256 2153 1514 2225 deliberatione
1543 2165 1685 2228 matura

347 2265 545 2360 preliabitis
571 2273 609 2335 et
633 2266 717 2356 quia
742 2266 845 2334 nobis
872 2274 910 2334 et
934 2266 986 2333 eis
1011 2265 1205 2356 expediens
1225 2274 1263 2335 et
1281 2266 1370 2337 vtile
1388 2267 1578 2338 videbatur
1602 2293 1685 2340 con-

349 2373 479 2450 cessisse
496 2385 535 2447 et
551 2378 619 2447 lioc
635 2372 792 2468 presenti
809 2373 939 2468 scripto
956 2373 1075 2445 nostro
1093 2374 1311 2447 confirmasse
1335 2380 1523 2471 magnifico
1541 2380 1685 2452 domino

350 2501 387 2562 et
404 2490 547 2582 potenti
565 2489 711 2558 domino
725 2485 914 2558 Willelmo
932 2488 977 2558 de
991 2486 1093 2558 Keth
1110 2484 1316 2561 marescallo
1335 2489 1457 2561 Scotie
1473 2514 1537 2583 pro
1552 2493 1685 2564 auxilio

351 2615 388 2674 et
415 2598 561 2674 consilio
586 2601 648 2671 suo
675 2595 823 2670 ecclesie
841 2596 1089 2672 Aberdonensi
1107 2610 1146 2672 et
1170 2602 1273 2673 nobis
1300 2599 1458 2694 impenso
1485 2614 1523 2674 et
1549 2606 1687 2698 impen-

351 2715 469 2786 dendo
486 2735 550 2806 pro
567 2721 647 2783 toto
664 2720 826 2804 tempore
844 2713 919 2783 vite
935 2708 998 2783 sue
1015 2735 1140 2784 omnes
1156 2710 1327 2785 secundas
1345 2715 1500 2786 decimas
1518 2716 1687 2790 videlicet

351 2825 550 2918 quemlibet
563 2825 743 2895 decimum
757 2825 942 2895 denarium
955 2825 1137 2895 firmarum
1151 2834 1326 2895 terrarum
1339 2822 1482 2896 suarum
1499 2829 1544 2899 de
1557 2827 1686 2923 Obeyn

351 2940 491 3009 debitas
521 2931 669 3007 ecclesie
700 2933 948 3007 Aberdonensi
979 2946 1016 3007 et
1047 2936 1149 3007 nobis
1176 2936 1233 3007 vel
1268 2946 1408 3009 tantem
1437 2935 1611 3012 summam
1641 2943 1687 3013 de

351 3050 457 3121 cofris
481 3044 611 3119 nostris
636 3048 823 3118 annuatim
848 3048 1113 3139 percipiendam
1132 3071 1195 3141 pro
1214 3049 1308 3119 ditto
1326 3058 1489 3144 tempore
1506 3050 1658 3131 vitesue
1677 3097 1684 3113 ·

352 3162 396 3232 In
422 3156 667 3253 premissorum
693 3152 938 3228 testimonium
956 3156 1110 3253 sigillum
1137 3156 1296 3230 nostrum
1315 3184 1385 3232 vna
1402 3186 1485 3233 cum
1503 3169 1685 3237 communi

351 3271 465 3367 sigillo
495 3270 643 3363 capituli
674 3265 784 3339 nostri
818 3266 1041 3362 presentibus
1071 3269 1200 3342 nostris
1233 3272 1347 3343 literis
1377 3270 1429 3344 est
1458 3275 1684 3369 appensum·

330 3376 488 3456 'Datum
517 3382 611 3476 apud
637 3381 810 3452 Aberdon
836 3378 966 3453 mensis
988 3383 1126 3477 Aprilis
1151 3385 1209 3455 die
1236 3380 1401 3456 vicesima
1426 3409 1520 3458 anno
1538 3386 1685 3460 Domini

352 3491 540 3567 millesimo
558 3488 810 3564 trecentesimo
828 3491 1054 3589 nonagesimo
1072 3498 1181 3566 tertio
1199 3537 1207 3552 ·

353 3831 511 3903 Donatio
529 3856 593 3926 per
609 3831 810 3926 episcopum
831 3834 875 3902 de
893 3831 1044 3904 Galchol
1064 3872 1072 3888 ·

353 4032 547 4128 Vniuersis
564 4052 745 4147 presentes
763 4055 885 4126 literas
901 4055 1110 4150 inspetburis
1123 4055 1311 4131 Gilbertus
1324 4058 1550 4133 miseratione
1564 4063 1686 4137 diuina

351 4163 533 4263 episcopus
551 4162 815 4238 Aberdonensis
833 4177 870 4238 et
888 4167 1046 4240 eiusdem
1071 4169 1139 4241 loci
1166 4172 1365 4264 capitulum
1387 4169 1538 4244 salutem
1557 4176 1593 4245 in
1613 4175 1686 4247 Do-

351 4281 448 4350 mino
473 4273 726 4369 sempiternam
743 4318 752 4337 ·
771 4278 960 4351 Noueritis
985 4305 1050 4353 nos
1067 4285 1226 4354 inanimi
1252 4281 1422 4354 consensu
1447 4282 1577 4357 dedisse
1602 4312 1686 4359 coii-

351 4384 481 4461 cessisse
498 4411 539 4459 ac
561 4411 624 4480 per
649 4386 829 4481 presentes
854 4389 1072 4464 confirmasse
1098 4391 1250 4466 discreto
1268 4396 1342 4465 viro
1366 4396 1511 4466 domino
1527 4397 1685 4471 Johanni

352 4504 397 4573 do
416 4500 685 4593 Kynnynmond
712 4502 897 4596 capellano
922 4528 986 4597 pro
1007 4515 1086 4577 toto
1102 4517 1265 4600 tempore
1283 4508 1356 4577 vite
1373 4505 1435 4579 sue
1453 4509 1685 4602 capellaniam
