4088 5430
354 721 358 729 Ι
445 635 516 708 374
974 623 1281 698 REGISTRUM
1630 630 1793 725 [sacuar

719 826 943 919 querquhat
962 823 985 920 ij
1006 834 1147 897 aratra·
1165 819 1344 920 grelluma
1362 848 1406 892 ·v·
1425 826 1487 915 li'o

442 936 620 1010 allodatur
636 962 699 1032 pro
718 962 759 1007 ·v·
778 939 841 1010 lib-
860 936 917 1033 vj·
935 941 964 1010 ἔ·
985 935 1068 1033 aiij·
1086 933 1120 1006 d·
1138 938 1176 1007 in
1194 959 1289 1009 anno
1303 959 1375 1008 vna
1391 949 1508 1011 marta
1517 965 1562 1038 1J
1576 944 1795 1015 mutonibus

445 1049 491 1143 ·ij·
510 1054 608 1123 aucis
627 1049 660 1146 ·j
679 1053 712 1122 s
732 1052 943 1122 vittualium
961 1047 995 1146 ·j
1013 1051 1048 1119 b·
1077 1071 1273 1121 auenarum
1292 1046 1348 1144 vj·
1365 1036 1509 1144 gallinis
1531 1051 1592 1150 iij·
1611 1056 1641 1124 s·
1660 1054 1735 1152 iiij·
1754 1055 1794 1127 d·

445 1186 508 1255 pro
526 1163 703 1258 bondagio
721 1186 804 1234 oum
824 1159 982 1257 seruioijs
1000 1172 1039 1232 et
1056 1157 1113 1257 ·vj·
1130 1161 1301 1232 oneribus
1320 1162 1522 1256 lignorum·

795 1273 986 1344 Willelrno
1004 1270 1098 1344 Roff
1204 1327 1214 1344 .
1315 1271 1389 1366 viij·
1407 1276 1442 1345 o

794 1386 1006 1457 Alexandro
1024 1381 1261 1457 Findelasone
1312 1384 1386 1482 viij·
1404 1389 1439 1458 ’o

996 1588 1202 1682 Rewmoiro
1219 1655 1226 1670 ·

444 1720 621 1795 affedatur
636 1746 700 1817 pro
717 1724 824 1814 axvj·
844 1725 872 1794 s·
892 1724 973 1816 ·viij·
994 1719 1029 1791 d·
1048 1720 1182 1793 eisdem
1200 1724 1437 1795 tenentibus·

578 1948 840 2042 'l'ulygermont
857 1949 881 2039 ij
900 1958 1045 2019 aratra·
1063 1942 1241 2041 graffuma
1257 1971 1300 2016 ·v·
1318 1947 1379 2017 li’o
1400 1946 1458 2044 ·vj·
1477 1950 1506 2019 s·
1525 1951 1607 2043 ·viij·
1624 1948 1662 2022 (l.

442 2057 619 2132 alsedatur
635 2084 699 2153 pro
718 2062 775 2154 ·vj·
794 2060 856 2130 lit·
875 2083 946 2132 vna
958 2067 1076 2131 marta
1092 2059 1139 2152 ·ij·
1157 2060 1369 2131 mutonibus
1387 2061 1435 2153 ·ij·
1452 2064 1550 2134 aucis
1568 2063 1624 2153 ·vj·
1644 2062 1793 2158 gallinis

444 2176 476 2263 ·j·
495 2174 530 2243 a.
549 2196 746 2244 auenarum
763 2195 847 2244 curn
863 2172 997 2265 pabulo
1015 2172 1062 2263 ·ij·
1080 2171 1117 2241 b-
1135 2171 1235 2243 ordei
1253 2173 1313 2266 ·iij·
1332 2173 1361 2244 ἔ·
1379 2169 1452 2266 iiij·
1472 2171 1508 2244 d·
1526 2197 1590 2267 pro
1608 2174 1792 2272 bondagio

444 2308 525 2356 cum
543 2284 692 2356 seruioio
710 2295 749 2355 et
765 2285 821 2377 ·vj·
839 2284 1008 2354 oneribus
1025 2282 1232 2378 lignorum·

716 2397 928 2467 Alexandro
946 2392 1173 2466 Robertsone
1275 2449 1282 2464 .
1385 2398 1455 2489 viij·
1475 2398 1510 2467 h·

717 2507 908 2578 Willelrno
927 2506 1214 2601 Foderinghame
1276 2561 1284 2577 .
1386 2509 1459 2600 viij·
1477 2509 1511 2577 t

443 2843 620 2918 all'edatur
631 2870 694 2941 pro
706 2871 750 2914 ·v·
763 2845 824 2916 lio
838 2845 894 2936 ·vj·
909 2843 937 2913 ἔ·
951 2843 1034 2934 ·viij·
1053 2839 1087 2911 d·
1103 2844 1141 2912 in
1158 2866 1253 2914 anno
1267 2884 1276 2900 ·
1292 2867 1362 2915 vna
1375 2854 1492 2916 marta
1510 2846 1554 2936 ·ij·
1573 2845 1790 2917 mutonibus

441 2961 495 3050 ·rj·
514 2959 656 3052 gallinis
675 2959 721 3050 ij·
746 2957 848 3028 aucis
870 2955 902 3045 ·J'·
922 2954 956 3022 b·
980 2953 1189 3024 vittualium
1207 2956 1239 3046 ·j·
1266 2955 1300 3025 a
1318 2978 1516 3027 auenarum
1534 2957 1582 3049 iij·
1607 2958 1636 3028 ἔ·
1655 2958 1729 3050 ·iiij·
1750 2956 1786 3029 (l-

442 3095 506 3164 pro
523 3072 703 3165 bondagio
721 3091 804 3141 oum
823 3064 981 3157 seruicijs
999 3074 1037 3137 et
1055 3067 1111 3157 ·vj·
1131 3067 1300 3138 oneribus
1317 3067 1496 3162 lignorum
1515 3108 1522 3123 ·

588 3182 746 3253 Johanni
781 3175 995 3249 Findelason
1025 3186 1064 3248 et
1098 3174 1168 3248 suis
1202 3178 1477 3251 subtenentibus
1507 3179 1786 3274 agricultoribus

589 3318 677 3387 quos
695 3301 889 3383 antequam
906 3293 1071 3382 imponet
1088 3288 1230 3362 eosdem
1257 3292 1401 3362 domino
1419 3299 1483 3362 aut
1500 3289 1571 3362 suis
1589 3295 1786 3364 camerario

589 3419 627 3477 et
651 3407 775 3477 fattori
791 3401 1011 3496 presentabit
1030 3412 1070 3472 vt
1087 3403 1348 3475 admittentur.

589 3518 767 3590 Duncano
794 3515 1078 3609 Foderinghame
1104 3538 1187 3587 cum
1214 3510 1384 3587 consensu
1403 3515 1489 3586 diei
1514 3513 1690 3587 Johannis
1717 3538 1785 3608 pro

591 3642 720 3722 quarta
736 3639 839 3722 parte
857 3626 966 3697 ville·

747 3851 924 3944 Balfaddy
941 3852 966 3942 ij
986 3862 1124 3923 aratra·
1142 3846 1320 3946 grelluma
1336 3874 1377 3918 ·v·
1397 3850 1459 3922 lio

437 3966 614 4042 affedatur
631 3990 694 4060 pro
711 3989 755 4034 ·v·
771 3965 833 4035 lit·
848 3965 903 4054 ·vj·
920 3965 949 4034 §-
964 3963 1045 4054 aiij-
1062 3960 1098 4033 d·
1116 3964 1155 4033 in
1173 3986 1267 4034 anno
1286 3985 1356 4033 vna
1372 3973 1489 4035 marta
1507 3964 1553 4057 ·ij·
1572 3963 1784 4034 mutonibus

438 4081 485 4178 ij·
505 4082 602 4152 aucis
628 4079 681 4168 ·vj·
698 4076 841 4171 gallinis
868 4074 901 4171 ·j·
926 4075 961 4145 t
989 4075 1198 4146 vittualium
1216 4079 1248 4169 ·J‘·
1266 4076 1301 4145 'o
1318 4097 1515 4146 auenarum
1541 4098 1623 4147 oum
1648 4076 1783 4168 pabulo

436 4197 496 4288 iij·
515 4196 544 4264 ἐ·
565 4192 626 4282 iiij·
645 4187 680 4260 d·
699 4212 763 4283 pro
781 4189 960 4283 bondagio
981 4211 1063 4258 oum
1082 4185 1239 4280 seruioijs
1257 4197 1295 4258 et
1313 4183 1370 4282 vj·
1387 4187 1556 4258 oneribus
1573 4185 1752 4289 lignorum
1773 4232 1781 4248 ·

436 4306 556 4381 Dauid
576 4298 667 4373 Roll
737 4357 744 4370 .
847 4357 854 4370 .
932 4297 994 4395 iiij·
1022 4301 1057 4370 a·
1160 4299 1340 4370 Dunoano
1357 4296 1603 4370 Jhonesone.
1678 4295 1727 4394 vj·
1745 4301 1782 4370 a

1158 4411 1319 4483 Johanni
1338 4407 1506 4481 Finlason
1573 4449 1581 4465 ·
1675 4410 1722 4507 vj·
1740 4416 1777 4484 l>

1227 4546 1293 4617 per
1309 4522 1455 4616 equales
1472 4526 1654 4616 portiones
1672 4562 1680 4579 ·
