4088 5430
350 612 439 706 xa]
841 614 1242 688 Annanonnusn.
1639 622 1684 687 ra

349 811 461 885 ineufi
487 850 495 867 ·
519 810 668 885 Andrea
696 810 859 906 episeopo
889 810 1079 885 Catanensr
1104 856 1112 871 ·
1137 815 1254 886 David
1281 815 1390 886 fratre
1415 836 1497 885 meo
1518 852 1526 869 ·
1548 812 1584 884 A
1607 851 1615 870 ·
1640 814 1685 883 de

349 924 540 997 Kalchuch
555 966 562 980 ·
579 924 637 995 H·
652 924 782 997 abbate
800 927 846 996 de
858 924 1124 998 Abirbrothooh
1140 967 1148 983 ·
1162 926 1213 996 W
1226 968 1234 983 ·
1249 927 1378 999 abbate
1391 926 1523 999 Saubte
1537 926 1662 996 Crucis
1675 964 1683 981 ·

350 1037 510 1108 Roberto
536 1037 666 1109 abbate
692 1038 737 1108 de
763 1036 881 1109 Scona
907 1077 915 1094 ·
938 1037 1092 1109 Ricardo
1118 1040 1248 1111 abbate
1278 1040 1323 1111 de
1350 1038 1470 1132 Cupro
1494 1080 1502 1096 ·
1528 1037 1686 1132 Hngone

348 1150 478 1220 abbate
496 1150 541 1220 de
560 1149 799 1242 Newbottyl·
820 1149 999 1243 Reynerio
1025 1150 1155 1221 abbate
1178 1152 1222 1221 de
1240 1148 1398 1243 Kynlois
1407 1189 1415 1206 ·
1434 1152 1565 1222 comite
1583 1149 1686 1220 Dun-

348 1286 437 1332 cano
463 1259 654 1333 iusticiario
672 1300 680 1316 ·
698 1264 830 1333 comite
851 1261 1033 1334 Patricio·
1052 1265 1184 1333 comite
1205 1262 1371 1335 Gilberto
1398 1266 1442 1334 de
1468 1262 1684 1334 Strathern·

349 1373 491 1446 Gilbrid
509 1376 641 1445 comite
659 1375 704 1444 de
717 1374 847 1468 Augus
861 1415 868 1431 ·
882 1374 935 1447 G·
950 1377 1082 1446 comite
1100 1375 1145 1445 de
1159 1373 1261 1446 Marr
1274 1415 1282 1431 ·
1295 1374 1484 1446 Willelmo
1498 1374 1662 1466 Cnmyne
1676 1413 1684 1429 ·

350 1485 511 1557 Roberto
534 1528 542 1543 ·
562 1485 640 1555 W·
664 1486 857 1578 capellanis
883 1488 974 1558 meis
998 1525 1006 1542 ·
1028 1485 1184 1580 Hugone
1210 1488 1255 1557 de
1280 1482 1395 1581 sigillo
1421 1486 1551 1558 clerico
1576 1508 1683 1556 meo·

350 1596 537 1668 Wilielmo
555 1599 600 1668 de
615 1597 720 1691 Haya
734 1639 741 1653 ·
757 1597 919 1670 Galfrido
937 1599 982 1670 de
996 1596 1172 1668 Maleuilo
1184 1636 1193 1654 ·
1207 1597 1396 1669 Willolnro
1413 1600 1458 1669 de
1473 1597 1684 1690 Morauyle·

349 1711 443 1802 apud
461 1708 636 1804 Kyngorn
655 1734 749 1781 anno
766 1712 866 1804 regni
884 1712 955 1781 mei
973 1712 1099 1802 quinto
1117 1748 1125 1764 ·

350 2044 458 2117 Carta
484 2046 633 2116 duarum
659 2058 922 2146 carrucatarum
949 2057 1043 2117 terre
1070 2049 1107 2116 in
1126 2044 1406 2138 Kyllalehmond
1425 2044 1615 2116 Willelmo
1641 2048 1686 2116 de

349 2156 513 2228 Tatonell
531 2153 691 2230 concessa
708 2212 716 2227 .

352 2358 550 2454 Universrs
578 2380 697 2452 saubto
721 2383 846 2452 matris
872 2377 1018 2453 ecclesie
1043 2381 1126 2453 filiis
1153 2381 1325 2452 Matheus
1350 2381 1406 2451 dei
1432 2384 1547 2475 gratia
1570 2381 1687 2454 Aber-

349 2492 512 2564 doneusrs
541 2489 687 2564 ecclesie
713 2489 873 2564 minister
903 2493 1047 2564 humilis
1074 2491 1226 2564 salutem
1252 2535 1259 2550 ·
1287 2492 1413 2565 Sciant
1440 2492 1621 2586 presentes
1649 2506 1687 2565 et

349 2606 460 2675 futuri
486 2628 550 2674 nos
577 2601 707 2676 dedisse
733 2600 932 2677 concessisse
957 2615 996 2675 et
1021 2606 1087 2676 hae
1112 2603 1267 2698 presenti
1297 2616 1395 2677 carta
1419 2602 1538 2677 nostra
1562 2606 1688 2677 confir-

350 2712 456 2788 masse
475 2716 664 2787 Willelrno
681 2717 726 2786 de
743 2714 908 2787 Tateuell
933 2718 1070 2787 homini
1096 2715 1215 2787 nostro
1241 2718 1278 2787 in
1300 2717 1404 2787 feodo
1426 2728 1465 2789 et
1487 2718 1687 2789 hereditate

349 2830 428 2900 ilias
462 2830 549 2899 duas
583 2839 767 2900 carucatas
797 2831 958 2899 terrain
989 2828 1271 2922 Kyllalchrnond
1300 2852 1387 2921 quas
1420 2853 1540 2902 comes
1568 2830 1686 2902 Dauid

349 2937 496 3013 ecclesie
522 2938 641 3012 nostre
658 2950 696 3011 et
714 2942 816 3011 nobis
842 2940 942 3011 dedit
962 2980 970 2996 ·
988 2941 1162 3012 tenendas
1179 2936 1243 3011 fibi
1270 2951 1307 3011 et
1333 2941 1524 3013 heredibus
1546 2941 1617 3013 suis
1642 2946 1687 3014 de

349 3055 452 3124 nobis
469 3064 507 3124 et
524 3051 775 3125 successoribus
801 3049 928 3122 nostris
953 3051 1065 3124 libere
1087 3062 1125 3123 et
1145 3052 1268 3144 quiete
1289 3054 1335 3124 ab
1356 3056 1454 3124 omni
1480 3051 1624 3125 seruitio
1650 3066 1687 3127 et

350 3164 537 3236 exabtione
555 3203 563 3219 ·
581 3164 780 3236 Reddendo
798 3164 882 3234 inde
899 3167 1085 3235 annuatim
1111 3165 1213 3235 uobis
1232 3177 1270 3235 et
1287 3162 1537 3238 successoribus
1562 3163 1688 3237 nostris

351 3279 396 3348 de
417 3300 486 3348 vna
509 3289 693 3349 carrucata
717 3287 812 3347 terre
838 3298 944 3346 vnam
972 3276 1097 3348 libram
1122 3272 1256 3347 inconst
1278 3277 1323 3348 de
1346 3277 1459 3348 altera
1475 3301 1560 3348 vero
1581 3301 1686 3350 vnam

351 3413 505 3461 maroam
540 3391 680 3484 argenti
713 3390 757 3460 ad
792 3384 921 3459 festum
954 3385 1064 3459 sandi
1101 3388 1253 3459 Martini
1288 3429 1296 3444 ·
1331 3383 1493 3459 Testibus
1528 3388 1687 3461 Henrioo

350 3502 480 3573 abbate
504 3503 550 3573 de
567 3500 835 3573 Abirbrothoch
853 3537 861 3554 ·
879 3497 1037 3591 Symone
1062 3501 1310 3572 archidiacono
1328 3541 1336 3557 ·
1356 3501 1498 3595 Rogero
1525 3503 1660 3573 decano
1678 3542 1685 3558 ·

352 3613 540 3684 Willelmo
558 3613 720 3683 Roberto
737 3611 891 3683 Matheo
908 3612 1072 3685 Galfrido
1088 3612 1238 3684 Andrea
1260 3613 1453 3705 capellanis
1471 3653 1479 3669 ·
1499 3613 1687 3685 Willelmo

351 3723 498 3817 persona
515 3728 560 3795 de
573 3724 765 3794 Aberdour
778 3761 786 3778 ·
799 3722 947 3796 Andrea
963 3722 1111 3817 persona
1128 3725 1172 3794 de
1186 3723 1352 3816 Breohyn
1365 3761 1373 3779 ·
1388 3723 1540 3796 Matheo
1558 3726 1687 3797 elerico

351 3836 469 3907 nostro
487 3877 494 3892 ·
513 3836 694 3907 Malmore
710 3832 859 3927 persona
875 3837 920 3907 de
937 3834 1070 3907 Taruas
1088 3878 1095 3893 ·
1114 3836 1280 3906 Johanne
1297 3835 1371 3905 filio
1389 3838 1626 3911 archidiaconi
1645 3880 1653 3896 ·

352 4169 585 4242 Confirmatio
603 4172 695 4265 regis
713 4169 892 4242 Willalmi
911 4210 919 4226 ·

355 4370 577 4466 Willelmns
600 4394 671 4466 Dei
696 4396 811 4489 gratia
833 4392 1043 4465 Scottorum
1067 4415 1131 4463 rex
1154 4395 1320 4465 omnibus
1342 4395 1462 4489 probis
1486 4396 1690 4468 hominibus

354 4510 466 4579 totius
483 4516 579 4578 terre
592 4504 654 4578 sue
671 4505 809 4579 clericis
826 4513 864 4577 et
881 4504 982 4577 laicis
994 4502 1146 4577 salutem
1159 4542 1167 4559 ·
1182 4504 1308 4579 Sciant
1324 4504 1506 4603 presentes
1522 4519 1561 4581 et
1578 4508 1690 4579 futuri
