4058 5430
523 2063 920 2160 REGISTRUM
976 2064 1494 2165 ABERDONENSE.

341 2726 447 2796 Carta
467 2725 655 2797 Malcolmi
674 2726 783 2817 Regis
802 2723 976 2818 Episcopo
994 2724 1096 2818 Beyn
1114 2726 1159 2796 de
1177 2724 1406 2797 Mortlrelacb
1425 2724 1608 2799 concella-

341 2931 591 3051 (Ilaloolmus
609 2948 691 3019 Rex
717 2947 925 3019 Scottorum
943 2984 952 3001 ·
968 2949 1134 3019 omnibus
1156 2950 1276 3041 probis
1299 2949 1502 3020 horninibus
1519 2947 1589 3021 suis
1606 2964 1681 3021 tam

340 3062 479 3134 clericis
495 3086 602 3155 quam
624 3061 723 3133 laicis
745 3058 909 3131 Salutem
927 3096 935 3113 ·
953 3058 1084 3131 Sciatis
1101 3084 1160 3133 me
1177 3057 1308 3132 dedisse
1326 3072 1364 3131 et
1381 3062 1448 3133 hac
1465 3061 1576 3133 Carta
1600 3084 1682 3133 mea

341 3172 560 3248 confirmasse
585 3176 652 3245 deo
678 3183 716 3245 et
742 3175 847 3244 beate
872 3171 984 3242 marie
1014 3184 1052 3243 et
1075 3173 1241 3244 omnibus
1265 3171 1419 3263 santtis·
1442 3185 1480 3244 et
1507 3170 1681 3266 Episcopo

341 3286 443 3380 Beyn
460 3326 468 3342 ·
487 3288 533 3357 de
557 3285 779 3357 morthelach
800 3279 1014 3353 ·eccles1am
1040 3287 1086 3356 de
1110 3283 1331 3356 morthelach
1349 3322 1357 3340 ·
1375 3295 1417 3355 ut
1443 3286 1576 3356 ibidem
1599 3309 1682 3355 con·

341 3395 496 3471 struatur
507 3397 607 3469 sedes
620 3394 827 3491 episcopalis
837 3415 849 3465 s
861 3414 943 3464 cum
957 3399 1062 3469 terris
1074 3398 1165 3468 meis
1177 3397 1223 3466 de
1233 3395 1455 3467 mortbelach
1465 3434 1474 3451 ·
1486 3392 1683 3467 Ecclesiam

342 3512 553 3583 ‹leCloueth
572 3531 654 3581 cum
672 3518 769 3579 terra
781 3547 789 3562 ·
801 3506 998 3586 Ecclesram
1010 3513 1056 3582 de
1067 3508 1248 3581 Dulmech
1266 3530 1348 3578 cum
1366 3518 1481 3579 terra·
1495 3507 1554 3581 Ita
1571 3509 1682 3581 libere

342 3621 431 3695 sicut
449 3647 508 3695 eas
521 3623 623 3693 tenui
637 3631 676 3691 et
692 3624 729 3692 in
748 3646 871 3716 puram
886 3637 924 3698 et
937 3634 1147 3720 perpetuam
1165 3615 1393 3689 elemosinam
1408 3614 1532 3691 ·Teste
1549 3618 1683 3713 meipso

342 3738 436 3827 apud
455 3734 599 3806 Forfare
616 3731 744 3804 octauo
761 3734 820 3805 die
837 3733 966 3809 mensis
984 3734 1151 3809 Obtobris
1169 3773 1176 3786 ·
1196 3729 1306 3799 Anno
1324 3732 1424 3823 regni
1442 3733 1514 3803 mei
1530 3730 1658 3802 sexto·

344 4070 455 4141 Carta
482 4070 648 4161 primaria
674 4068 822 4144 ecclesie
847 4071 1061 4145 cathedralis
1087 4063 1369 4141 Abbirdonenlis
1396 4068 1490 4139 facta
1517 4066 1683 4138 Nectano

345 4179 508 4274 episcopo
526 4179 788 4255 Abbirdonensr
807 4224 815 4240 ·

345 4383 483 4479 Dauid
518 4405 576 4477 dei
608 4409 721 4501 gratia
756 4408 838 4478 Rex
872 4406 1079 4478 Scottorum
1116 4403 1294 4475 Omnibus
1326 4405 1446 4496 probis
1479 4402 1682 4474 bominibus

344 4520 458 4592 totius
487 4525 582 4589 terre
609 4516 671 4590 sue
701 4520 839 4591 clericis
864 4529 903 4590 et
928 4517 1028 4590 laicis
1058 4516 1222 4587 Salutem
1248 4557 1257 4573 ·
1282 4516 1408 4589 Sciant
1433 4513 1614 4608 presentes
1643 4526 1683 4585 et
