4088 5430
292 576 295 581 ’
347 622 394 693 rc
848 608 1166 683 uucrsuuunu
1535 605 1686 700 [socon

350 816 406 888 De
423 814 593 908 thanagio
610 810 656 882 de
673 808 781 904 Buyn
798 829 820 881 c
838 818 877 880 et
893 808 957 901 xiij
975 807 1083 880 libras
1103 847 1111 862 ·

348 928 407 1000 De
425 924 653 998 Petbronacb
668 939 722 997 xx
738 962 748 980 ·
766 918 788 993 s
797 958 807 978 ·

348 1039 407 1111 De
423 1038 593 1131 thanagio
611 1035 656 1107 de
672 1033 821 1108 munbre
838 1032 965 1124 xxxiiij
982 1031 1035 1103 lib
1053 1068 1062 1090 ·
1081 1033 1142 1126 viij
1160 1070 1169 1087 ·
1186 1031 1208 1102 s
1217 1069 1226 1088 ·
1244 1043 1283 1104 et
1300 1033 1360 1127 viij
1378 1069 1386 1087 ·
1405 1033 1427 1103 d
1442 1070 1453 1086 ·

349 1152 407 1223 De
423 1151 571 1223 baronia
587 1149 633 1219 de
651 1146 906 1240 Rothymayng
923 1165 945 1216 c
962 1152 1001 1215 et
1018 1162 1077 1215 xx
1094 1144 1202 1215 librae
1219 1182 1227 1199 ·

348 1263 407 1335 De
424 1262 593 1356 thanagio
605 1261 652 1332 de
663 1256 881 1330 Nathirdole
892 1253 1089 1328 secundum
1101 1256 1287 1347 antiquam
1300 1265 1490 1327 extentam
1504 1274 1601 1326 xmx
1614 1254 1665 1325 lib
1679 1292 1688 1311 ·

399 1384 437 1446 et
454 1374 514 1466 xvj
533 1372 699 1444 denarios
717 1408 726 1426 ·

349 1487 408 1558 De
424 1486 537 1579 burgo
555 1485 601 1555 de
618 1480 841 1554 Inuerkulan
859 1479 961 1571 xxiiij
978 1501 1117 1550 marcas
1134 1519 1142 1536 ·
1162 1480 1195 1572 vj
1216 1520 1223 1534 ·
1242 1476 1264 1548 s
1274 1519 1282 1536 ·
1301 1488 1339 1550 et
1357 1480 1407 1572 iiij
1425 1517 1434 1534 ·
1451 1480 1474 1550 d
1492 1521 1500 1536 ·

350 1599 408 1671 De
426 1597 511 1669 villa
528 1597 572 1667 de
590 1591 832 1686 Kethirhelpy
848 1592 883 1684 vj
902 1613 1065 1664 marcas·
1491 1595 1496 1609 ’

350 1710 408 1781 De
427 1708 512 1780 villa
529 1709 573 1779 de
592 1706 691 1779 Banf
704 1725 756 1775 xn
772 1725 936 1776 marcas·

449 2044 729 2116 Memorandum
747 2041 842 2133 quod
860 2041 905 2111 de
922 2039 1027 2111 terris
1040 2048 1079 2109 et
1095 2039 1295 2111 redditibus
1310 2037 1515 2135 subscriptis
1531 2043 1689 2136 recipere

449 2156 558 2228 debet
581 2152 765 2248 episcopus
782 2146 1051 2223 Aberdoneniis
1068 2148 1242 2223 secundas
1267 2152 1423 2224 decimas
1439 2153 1508 2225 hoc
1526 2149 1578 2224 est
1595 2154 1692 2226 deci·

448 2292 548 2339 mum
576 2267 763 2338 denarium
790 2265 836 2335 de
862 2263 975 2335 firmis
1004 2263 1241 2335 terminorum
1268 2259 1499 2335 Pentecostes
1519 2275 1565 2359 et
1591 2263 1689 2337 beati

449 2380 603 2452 Martini
621 2379 794 2448 didamm
812 2384 988 2447 terrarum
1006 2397 1053 2446 ex
1070 2374 1314 2447 infeodatione
1327 2372 1545 2447 diuersorum
1563 2399 1689 2472 regum

449 2492 658 2564 Scottorum
675 2501 714 2560 et
731 2511 777 2558 ex
796 2488 1008 2558 fundatione
1025 2482 1173 2558 ecclesie
1189 2486 1405 2559 cathedralis
1422 2485 1689 2560 Aberdonenfia

449 2604 542 2676 iufra
558 2601 832 2673 vicecomitatus
852 2598 898 2670 de
915 2597 1088 2670 Aberden
1106 2609 1145 2669 et
1161 2599 1207 2670 de
1223 2597 1325 2670 Banf
1334 2630 1345 2655 ο

451 2825 573 2897 Primo
591 2862 599 2879 ·
617 2825 663 2895 de
680 2823 935 2894 vicecomitatu
953 2821 998 2893 de
1015 2819 1188 2893 Aberden
1206 2861 1214 2876 ·

352 3050 411 3122 De
427 3050 535 3121 curiis
552 3048 774 3119 vicecomitis
792 3087 800 3104 ·
818 3044 1014 3118 secundnm
1031 3046 1131 3119 luera
1148 3088 1156 3104 ·
1235 3043 1237 3047 ’

351 3162 410 3234 De
426 3160 627 3233 redditibus
652 3160 745 3253 regis
763 3159 809 3230 de
826 3157 912 3229 villa
929 3159 974 3230 de
991 3157 1164 3230 Aberden
1182 3158 1360 3231 debentur
1377 3158 1540 3257 episcopo
1556 3188 1694 3235 annua-

401 3269 967 3365 timxxrlib·vj·s·riij·d·

352 3386 410 3457 De
428 3388 558 3457 itinere
579 3380 771 3457 iusticiarie
789 3383 835 3454 de
852 3381 1025 3454 Aberden
1042 3424 1050 3440 ·
1069 3381 1265 3455 secundum
1283 3387 1484 3456 extradum
1506 3385 1662 3459 eiusdem
1682 3431 1689 3444 ·

352 3497 411 3569 De
429 3498 559 3569 itinere
576 3496 771 3568 camerarie
788 3490 947 3565 eiusdem
965 3531 973 3548 ·
990 3493 1187 3567 secundum
1204 3494 1407 3568 extractum
1424 3534 1432 3551 ·

353 3609 411 3681 De
441 3611 571 3681 itinere
596 3607 791 3680 camerarie
817 3607 862 3677 de
887 3603 1034 3699 Kyntor
1058 3616 1097 3679 et
1120 3608 1251 3679 itinere
1276 3611 1469 3681 camerarie
1493 3609 1539 3682 de
1566 3609 1692 3704 Fyvy·

400 3719 597 3793 secundum
614 3716 778 3792 extracta
795 3718 989 3789 eorundem
1008 3725 1016 3775 ;

353 3832 411 3904 De
428 3832 575 3904 annuali
592 3833 637 3904 de
654 3831 843 3924 Banchery
860 3829 1049 3923 Dewenyk
1066 3827 1229 3925 episcopo
1247 3851 1275 3903 x
1294 3872 1302 3890 ·
1320 3831 1343 3903 s
1352 3871 1361 3888 ·
1440 3889 1443 3895 .

353 3943 412 4015 De
429 3944 598 4038 tbanagio
616 3945 661 4015 de
678 3941 851 4015 Aberden
868 3943 971 4014 cuius
990 3964 1059 4014 vna
1083 3966 1165 4037 pars
1182 3939 1235 4015 est
1252 3943 1413 4016 Mariote
1429 3946 1474 4017 de
1491 3944 1664 4019 Kandane
1682 3989 1689 4004 ·

403 4054 598 4126 secundum
615 4054 755 4126 rentale
773 4054 913 4126 decima
928 4050 1099 4127 soluenda
1116 4052 1169 4127 est
1186 4095 1194 4111 ·

353 4166 412 4239 De
429 4164 500 4238 alia
515 4176 619 4260 parte
636 4167 720 4238 dicti
738 4165 896 4260 thanagij
910 4187 981 4257 que
993 4161 1048 4236 est
1060 4167 1196 4239 domini
1207 4165 1385 4239 Johannia
1398 4166 1533 4240 Herice
1546 4207 1555 4224 ·
1569 4167 1698 4242 sccun-

402 4280 489 4351 dum
506 4278 645 4350 rentale
663 4279 803 4350 decima
817 4276 990 4351 soluenda
1004 4274 1083 4351 est·
1229 4296 1235 4307 ·

355 4392 412 4463 De
430 4390 606 4484 Balbelvy
623 4391 716 4483 regis
733 4389 786 4482 liij
798 4426 808 4447 ο
821 4388 856 4460 s·
869 4391 922 4483 iiij
936 4430 945 4449 ·
960 4391 1005 4462 d·
1023 4414 1088 4486 pro
1106 4392 1245 4464 decima
1262 4429 1271 4448 ·
1290 4389 1356 4462 Set
1373 4391 1454 4486 plus
1470 4393 1565 4465 forte
1582 4397 1690 4488 recipi

404 4505 551 4576 deberet
569 4501 766 4574 secuudum
783 4501 922 4574 rentale
939 4541 947 4559 ·
