4088 5430
356 631 428 704 290
874 623 1182 700 unersruuu
1549 621 1708 718 [sucum

360 867 367 882 ·
387 866 395 882 ·
415 865 423 882 ·
440 845 580 895 annuos
603 823 767 895 redditus
788 825 975 895 annuatim
995 823 1163 896 deterrit
1188 818 1421 914 infrascriptis
1443 819 1621 893 leuandos
1640 860 1676 880 ··
1698 863 1707 879 ·

360 934 529 1007 videlieet
546 959 656 1006 vnum
683 958 843 1007 annuum
868 937 1050 1008 redditum
1074 936 1113 1008 xl
1130 933 1324 1007 solidorum
1342 972 1351 990 ·
1369 972 1378 990 ·
1398 975 1407 993 ·
1425 942 1625 1005 exeuntem
1642 955 1710 1005 an·

360 1047 500 1118 nuatim
515 1047 560 1119 de
573 1049 678 1119 terrie
693 1043 778 1143 [de]
793 1044 954 1119 Coliston
969 1090 977 1107 ·
992 1091 1002 1108 ·
1015 1088 1024 1104 ·
1038 1046 1240 1120 iacentibus
1253 1047 1291 1116 in
1304 1045 1454 1118 baronia
1466 1047 1512 1117 de
1525 1044 1710 1138 Baiheluy
1751 1129 1756 1137 .

363 1200 394 1218 ··
409 1202 418 1218 ·
431 1157 529 1230 Item
542 1183 653 1230 vnum
666 1183 826 1230 annuum
843 1160 1049 1231 redditum·
1065 1202 1074 1220 ·
1089 1201 1098 1219 ·
1111 1183 1136 1231 x
1149 1156 1344 1230 solidorum
1359 1197 1367 1215 ·
1383 1197 1391 1215 ·
1408 1157 1709 1250 percipiendum

361 1271 550 1343 annuatim
574 1271 621 1342 de
648 1270 764 1342 tribue
785 1273 972 1363 perticatie
994 1281 1092 1343 terre
1121 1271 1209 1366 [per
1233 1278 1337 1341 meus
1361 1269 1521 1366 utsupra
1538 1293 1575 1365 p.
1598 1265 1709 1362 988]

361 1504 557 1567 exeuntem
584 1496 773 1566 annuatim
791 1494 837 1566 de
854 1498 933 1566 ouo
959 1496 1145 1589 perticatis
1171 1503 1292 1565 terre·
1313 1535 1321 1553 ·
1339 1531 1348 1549 ·
1367 1516 1452 1565 eum
1473 1493 1623 1586 edificije
1640 1532 1649 1550 ·
1669 1534 1678 1551 ·
1699 1533 1709 1551 ·

362 1606 562 1679 iacentibus
580 1629 625 1678 ex
642 1606 858 1679 occidentali
874 1617 977 1700 parte
994 1607 1098 1702 burgi
1115 1607 1161 1678 de
1178 1605 1387 1701 Inuerowry
1406 1604 1581 1702 [descript.
1587 1606 1712 1703 supro

356 1742 394 1814 p.
420 1717 523 1812 286]
552 1718 650 1791 Item
676 1741 787 1791 vnum
814 1742 974 1791 annuum
1002 1719 1185 1791 redditum
1215 1717 1328 1789 trium
1357 1714 1550 1788 solidorum
1576 1726 1615 1789 et
1639 1714 1706 1790 sex

362 1832 615 1904 denariorum·
635 1872 644 1890 ·
662 1870 670 1887 ·
689 1841 885 1903 exeuntem
911 1832 1099 1903 annuatim
1117 1831 1162 1902 de
1180 1831 1285 1900 terris
1303 1868 1311 1885 ·
1330 1869 1338 1886 ·
1357 1868 1366 1886 ·
1385 1830 1587 1903 iacentibus
1611 1831 1710 1903 infra

362 1944 516 2040 burgum
533 1944 577 2016 de
591 1942 799 2037 Inuerowry
818 1941 1111 2041 [dfferiptsupra
1121 1965 1159 2037 p.
1175 1938 1278 2034 282]
1299 1939 1397 2012 Item
1414 1963 1527 2013 vnum
1542 1964 1710 2014 annuum

360 2057 542 2129 redditum
565 2057 651 2149 xxvj
670 2053 864 2127 solidorum
882 2064 921 2127 et
937 2056 999 2148 viij
1018 2055 1272 2125 denariorum·
1292 2092 1301 2110 ·
1320 2093 1328 2111 ·
1348 2066 1545 2126 exeuntem
1570 2077 1711 2127 annua-

361 2171 429 2241 tim
447 2171 493 2241 de
510 2169 651 2240 duobus
677 2168 801 2240 orestis
819 2207 827 2224 ·
846 2208 855 2224 ·
873 2208 883 2225 ·
901 2167 1050 2239 Andree
1068 2161 1253 2237 Alansone
1271 2205 1279 2222 ·
1299 2205 1307 2222 ·
1327 2204 1335 2221 ·
1354 2166 1556 2238 iacentibus
1577 2167 1617 2238 in
1634 2177 1711 2239 ter-

360 2282 485 2352 ritorio
514 2280 618 2374 burgi
649 2281 695 2350 de
727 2278 902 2351 Aberden
938 2277 1111 2375 [descript.
1125 2277 1244 2373 supra
1269 2301 1306 2372 p.
1330 2274 1434 2370 285]
1467 2275 1564 2350 Item
1593 2301 1710 2351 vnum

361 2415 523 2465 annuum
551 2391 735 2464 redditum
761 2414 786 2462 x
812 2388 1002 2461 solidorum
1021 2430 1057 2447 ··
1082 2399 1306 2460 ·exeuntem
1331 2390 1379 2461 de
1403 2390 1528 2462 orestis
1552 2389 1709 2464 Roberti

360 2503 523 2598 Gillespy
542 2504 559 2600 [
567 2527 633 2600 per
648 2511 752 2574 meus
766 2501 919 2598 utsupra
929 2527 967 2597 p.
981 2498 1085 2594 288]
1105 2499 1201 2572 Item
1215 2524 1326 2571 vnum
1343 2524 1506 2573 annuum
1522 2503 1709 2574 redditum

363 2729 536 2827 [descript.
547 2728 665 2825 supra
684 2750 722 2822 p.
741 2724 844 2819 284]
878 2725 1033 2798 Neenon
1059 2734 1098 2797 et
1122 2749 1233 2797 vnum
1259 2750 1420 2798 annuum
1446 2728 1628 2799 redditum
1654 2753 1708 2801 xx

359 2839 553 2914 solidorum
571 2882 579 2898 ·
599 2880 607 2897 ·
626 2881 635 2897 ·
655 2849 853 2912 exeuntem
869 2841 1057 2910 annuatim
1072 2840 1118 2909 de
1131 2839 1247 2910 orosto
1261 2837 1429 2910 Villelmi
1442 2838 1563 2934 Cryne
1579 2881 1589 2898 ·
1607 2880 1617 2897 ·
1635 2880 1645 2898 ·
1663 2865 1708 2914 ue

360 2955 471 3025 etiam
489 2955 561 3025 de·
580 2993 589 3009 ·
608 2993 618 3009 ·
637 2960 850 3023 tenemento
875 2948 938 3021 suo
956 2990 964 3007 ·
983 2990 991 3006 ·
1011 2989 1019 3006 ·
1038 2952 1180 3022 iacente
1201 2951 1238 3021 in
1257 2953 1337 3022 vico
1353 2952 1400 3023 de
1419 2952 1516 3046 Futy
1534 2951 1706 3050 [descript.

344 3065 461 3162 supru
476 3089 514 3161 p.
533 3062 637 3158 289]
664 3062 855 3135 Tenendos
872 3102 881 3118 ·
900 3101 908 3118 ·
928 3103 936 3120 ·
954 3064 993 3132 in
1017 3086 1144 3155 puram
1170 3073 1209 3134 et
1233 3071 1448 3156 perpetuam
1473 3061 1707 3137 elemosinam

362 3177 619 3250 ···ffaeiendo
645 3175 730 3248 inde
756 3184 795 3246 et
821 3173 1064 3247 celebrando·
1090 3215 1098 3231 ·
1121 3175 1282 3246 ·eotidie
1299 3214 1308 3231 ·
1327 3215 1335 3231 ·
1354 3215 1364 3231 ·
1381 3175 1470 3247 hora
1494 3173 1597 3248 sexta
1618 3187 1707 3249 ante

361 3290 549 3361 meridiem
562 3310 671 3360 unam
687 3284 825 3358 missam
843 3287 888 3358 de
905 3288 965 3359 die
978 3287 1035 3358 vel
1053 3286 1169 3358 officio
1183 3286 1255 3357 diei
1267 3287 1313 3358 ad
1326 3286 1441 3358 altare
1458 3288 1556 3359 beati
1568 3287 1593 3360 J
1595 3289 1708 3362 ohan·

361 3402 417 3472 nie
429 3395 668 3494 ewangeliste
680 3400 774 3470 infra
786 3394 971 3470 eeclesiam
984 3395 1280 3469 Aberdonensem
1298 3394 1471 3470 situatum
1488 3423 1552 3492 pro
1569 3402 1708 3473 anima-

361 3511 429 3584 bus
447 3510 609 3605 superius
631 3507 839 3605 expressatis
857 3550 865 3567 ·
883 3551 892 3566 ·
911 3551 919 3565 ·
938 3533 1021 3581 cum
1047 3510 1268 3582 orationibus
1284 3509 1398 3581 solitis
1415 3552 1424 3567 ·
1443 3551 1452 3566 ·
1471 3553 1479 3570 ·
1498 3513 1536 3582 in
1561 3509 1707 3586 messale

363 3623 447 3695 diui
473 3623 597 3695 altaria
615 3663 623 3680 ·
643 3664 652 3680 ·
671 3663 679 3680 ·
698 3621 780 3692 volo
806 3633 928 3693 autem
951 3621 1048 3714 quod
1073 3618 1100 3692 fi
1125 3622 1211 3694 diui
1237 3622 1471 3717 ebdomidarij
1498 3624 1639 3696 diaconi
1665 3635 1706 3697 et

363 3731 569 3807 subdiaconi
583 3777 591 3792 ·
606 3776 614 3792 ·
630 3774 638 3791 ·
653 3734 824 3807 deficiant
840 3735 877 3804 in
892 3736 1108 3805 executione
1120 3731 1365 3826 premissorum
1379 3774 1388 3790 ·
1403 3774 1411 3791 ·
1426 3775 1435 3790 ·
1450 3758 1515 3828 per
1527 3736 1705 3808 decanum

363 3856 402 3918 et
419 3846 617 3940 capitulum
643 3870 708 3940 pro
728 3855 893 3938 tempore
916 3842 1113 3917 existentes
1130 3885 1139 3901 ·
1158 3885 1166 3902 ·
1185 3849 1435 3938 puniantur·
1454 3885 1463 3903 ·
1482 3888 1490 3906 ·
1509 3847 1622 3941 Apud
1639 3889 1647 3905 ·
1666 3890 1675 3905 ·
1696 3891 1703 3905 ·

364 3955 537 4030 Aberden
554 3961 616 4031 xiv
633 3952 791 4053 Augusti
808 3980 904 4029 anno
920 3955 1069 4029 Domini
1087 3978 1331 4031 rr.occo.1.x1x
1348 3997 1357 4015 ·

365 4268 600 4366 Mandatum
619 4313 684 4385 pro
700 4292 973 4365 oonfirmatione
998 4289 1157 4366 eiusdem
1173 4292 1239 4366 sub
1255 4317 1387 4390 magno
1404 4291 1521 4391 sigillo
1538 4295 1702 4371 facienda

363 4403 577 4478 oanoellario
602 4426 667 4495 per
690 4427 813 4498 regem
838 4404 1011 4477 diredtum
1033 4445 1042 4462 ·
1061 4405 1199 4479 Datum
1224 4404 1289 4477 sub
1313 4447 1322 4464 ·
1346 4447 1354 4464 ·
1379 4448 1387 4466 ·
1416 4412 1562 4503 priuato
1587 4406 1702 4506 sigillo

361 4518 459 4613 apud
475 4513 636 4589 uneum
653 4511 882 4610 Andreemij
901 4515 1067 4590 Odobrie
1083 4541 1178 4592 enno
1194 4520 1296 4615 regni
1314 4520 1456 4593 decimo
1472 4561 1481 4578 ·
