4088 5430
345 618 419 685 354
860 611 1165 685 REGISTRUM
1530 613 1688 708 [sacam

345 813 427 882 that
453 810 579 883 lettres
598 814 645 884 be
662 813 804 882 ditebit
821 822 860 883 to
877 811 1017 905 compel
1042 813 1113 882 and
1139 809 1304 904 distrin3e
1329 813 1393 882 the
1418 810 1491 882 said
1516 810 1686 882 Alexan-

346 925 410 994 der
427 922 537 994 Innes
564 926 605 994 of
625 925 704 995 that
721 923 775 994 ilk
790 925 846 995 his
863 924 978 996 landis
997 925 1066 996 and
1084 925 1189 1020 gudis
1206 924 1261 994 for
1278 931 1448 1016 payment
1462 924 1503 993 os
1515 924 1579 994 the
1606 921 1683 995 said

348 1032 478 1105 sowme
495 1046 534 1106 to
552 1037 614 1107 the
632 1034 704 1107 said
724 1038 899 1107 reuerend
916 1037 1017 1108 fadar
1033 1075 1041 1091 ·

350 1371 475 1469 Carta
486 1397 601 1492 Regia
611 1422 705 1468 noue
717 1398 903 1468 erebbionis
914 1390 1412 1466 terrarumecclefiasticarum
1424 1397 1469 1466 de
1482 1395 1688 1466 Kincardin

350 1508 471 1578 Oneill
499 1508 667 1580 videlicet
694 1508 728 1579 le
755 1507 964 1578 Kirktoune
990 1508 1035 1577 de
1061 1507 1261 1578 Kincardin
1284 1505 1408 1577 Oneill
1427 1506 1690 1578 Westir‚Kin·

349 1621 469 1691 cardin
483 1619 677 1691 Stronduff
687 1620 893 1714 Cragtoune
906 1615 1128 1691 Burrostoun
1142 1618 1318 1711 Colcardy
1332 1615 1417 1690 estir
1429 1618 1550 1711 Slowy
1563 1621 1689 1690 nathir

350 1730 471 1824 Slowy
486 1731 705 1825 Tullydrane
723 1733 758 1802 le
777 1732 951 1825 Myltoun
970 1754 1051 1801 cum
1070 1729 1277 1801 molendino
1303 1742 1340 1801 et
1366 1733 1471 1801 terris
1488 1730 1688 1801 earundem

350 1850 458 1935 atque
484 1867 566 1914 oum
593 1845 798 1915 nemoribus
825 1845 870 1913 de
898 1842 1082 1934 Arthmiiy
1107 1845 1142 1911 in
1174 1866 1261 1935 rupe
1288 1844 1332 1913 de
1359 1842 1457 1933 Slwy
1475 1854 1512 1913 et
1539 1839 1689 1935 piscaria

350 1955 396 2024 de
427 1954 600 2026 Potercht
623 1955 749 2027 subtus
775 1966 813 2026 et
836 1954 940 2047 supra
965 1978 1094 2046 aquarn
1119 1955 1164 2025 de
1192 1952 1272 2024 Dee
1301 1956 1338 2023 in
1370 1955 1579 2025 baroniam·
1600 1977 1687 2024 cum

351 2066 464 2161 burgo
495 2071 532 2137 in
557 2069 706 2139 baronia
724 2109 731 2124 ·
752 2070 789 2138 in
816 2070 976 2138 fauorem
1005 2066 1058 2136 M.
1091 2066 1241 2136 Roberti
1271 2062 1508 2158 Elphinstoun
1539 2067 1689 2135 reiioris

351 2176 499 2250 ecclesie
517 2181 562 2252 de
588 2178 789 2252 Kincardin
808 2177 930 2251 Oneiil
949 2217 957 2231 ·
976 2176 1072 2248 Data
1090 2177 1153 2248 sub
1171 2201 1302 2271 magno
1326 2174 1441 2271 sigillo
1458 2179 1552 2269 apud
1575 2175 1690 2245 Edin-

351 2290 465 2384 burgh
485 2295 543 2384 xvj
563 2292 774 2363 Decembris
792 2313 864 2361 aa.
884 2311 1031 2360 M.n.x1·

357 2603 482 2702 Carta
499 2630 751 2700 feodiiirmaria
768 2629 967 2699 tenementi
986 2650 1068 2697 cum
1086 2636 1166 2696 orto
1183 2629 1333 2698 iacentis
1360 2629 1396 2695 in
1422 2628 1534 2720 burgo
1554 2630 1688 2697 veteris

360 2740 444 2811 ville
470 2737 735 2813 Aberdonensrs
765 2739 995 2812 aWillelmo
1019 2736 1182 2832 episcopo
1210 2740 1301 2811 fabia
1330 2739 1469 2810 Jacobo
1500 2736 1689 2830 Lyndesay

356 2854 483 2922 reitori
513 2854 558 2922 de
586 2852 740 2946 Forglen
767 2891 775 2906 ·
804 2852 1002 2922 Reddendo
1028 2851 1111 2920 inde
1129 2854 1315 2921 annuatim
1334 2849 1505 2942 episcopis
1523 2849 1691 2920 Aberdo-

357 2960 523 3034 nensrbus
551 2966 610 3056 viij
637 2962 765 3034 solidos
796 3004 803 3018 ·
833 2962 930 3034 Data
959 2963 1053 3054 apud
1084 2961 1277 3033 Abardene
1308 2964 1367 3054 viij
1400 2961 1582 3053 Februarij
1615 2983 1689 3031 aa).

354 3095 493 3144 M.n.xl.
520 3099 601 3146 cum
632 3085 800 3169 precepto
825 3070 937 3145 safine
963 3076 1047 3145 dato
1073 3074 1199 3144 eodem
1227 3075 1284 3145 die
1314 3085 1422 3166 atque
1450 3072 1691 3144 instrumento

359 3183 472 3256 saline
489 3188 574 3257 dato
592 3190 679 3257 xxiv
698 3186 877 3278 Februarij
899 3206 1021 3255 r1.1).x1
1042 3229 1049 3241 ·

356 3495 482 3599 Carta
500 3524 610 3619 Regis
636 3523 740 3616 super
769 3524 1016 3593 infeodaeione
1048 3534 1141 3592 terre
1172 3520 1408 3593 eccleliastiee
1426 3525 1470 3593 de
1487 3523 1632 3593 Turreff
1654 3527 1691 3594 in

354 3639 512 3730 burgum
526 3639 563 3705 in
575 3636 758 3706 baroniam
774 3657 856 3704 cum
874 3634 981 3703 certis
993 3633 1188 3727 priuilegijs
1206 3658 1246 3705 ac
1265 3635 1491 3705 libertatibus
1509 3632 1691 3704 eiusdem·

358 3750 394 3817 in
419 3748 579 3818 fauorem
600 3745 654 3816 M.
672 3744 809 3816 Tharne
828 3743 987 3813 Diksone
1006 3746 1227 3837 prebendarij
1246 3747 1291 3816 de
1308 3745 1440 3816 Turref
1467 3800 1473 3814 .
1506 3743 1602 3816 Data
1620 3744 1687 3816 sub

355 3881 486 3952 magno
504 3854 618 3953 figilio
631 3859 724 3950 apud
744 3856 954 3949 Edinburgh
982 3881 1004 3925 x
1026 3855 1154 3948 Marcij
1174 3878 1245 3926 aa.
1265 3878 1388 3926 araxi
1410 3898 1417 3911 ·

356 4173 650 4286 Traniirnrpturn
670 4194 953 4263 confirmationis
975 4193 1085 4286 Regis
1103 4191 1206 4285 iirper
1229 4204 1326 4264 carta
1343 4194 1426 4263 Ade
1445 4193 1623 4286 Hepburn
1648 4198 1695 4267 de

357 4331 478 4380 annuo
497 4307 615 4376 reditu
634 4305 760 4375 decem
778 4304 947 4375 librarum
963 4305 1008 4374 de
1021 4306 1125 4375 terris
1142 4305 1187 4376 de
1206 4303 1385 4374 Mureroft
1405 4306 1489 4375 dato
1507 4307 1695 4398 capellano

358 4423 401 4493 ad
426 4417 539 4489 altare
557 4413 666 4487 san&
693 4416 878 4508 Dewynici
901 4427 939 4485 et
964 4415 1152 4486 vulnerum
1175 4411 1261 4486 Jesu
1285 4412 1415 4485 Christi
1441 4416 1666 4490 celebraturo
1686 4463 1693 4476 ·

357 4532 467 4604 Carta
479 4531 565 4601 data
582 4525 803 4620 8Februa1ij
819 4568 826 4583 ·
842 4528 1052 4599 confirmata
1066 4534 1112 4598 20
1128 4526 1311 4618 Februarij
1330 4534 1425 4605 1507
1443 4569 1450 4583 ·
1470 4527 1696 4623 transumpta

357 4644 447 4735 xxiij
465 4640 566 4731 Junij
586 4658 726 4709 ›aaxn
748 4679 755 4692 ·
