4088 5430
354 640 423 706 122
868 627 1174 703 REGISTRUM
1540 631 1692 726 [secum

353 830 563 903 Willelmus
585 830 631 901 de
648 828 800 903 Calabra
823 828 976 901 dilettus
998 828 1149 900 clericus
1173 824 1293 901 noster
1317 829 1510 902 canonicus
1526 829 1693 902 Aberdo-

351 938 468 1014 nensrs
501 951 648 1037 propter
675 941 738 1014 suc
767 942 955 1036 probitatis
988 943 1120 1013 merita
1147 949 1186 1012 et
1213 941 1317 1013 vtilia
1345 937 1492 1013 consilia
1520 944 1624 1014 uobis
1653 954 1693 1015 et

351 1054 480 1126 uostris
517 1056 728 1148 opportunis
765 1055 987 1147 temporibus
1024 1052 1277 1146 multipliciter
1312 1051 1473 1148 impensa
1506 1050 1551 1125 srt
1589 1055 1692 1128 uobis

351 1168 481 1238 merito
508 1168 780 1239 commendatus
802 1190 953 1259 quorum
977 1161 1259 1237 confideretione
1282 1160 1390 1258 ipsius
1417 1163 1603 1260 personam
1627 1191 1692 1261 pro

351 1278 608 1373 temporalibus
633 1277 811 1371 obsequiis
833 1275 1033 1371 prospicere
1056 1285 1095 1349 et
1119 1278 1322 1372 gratificare
1338 1276 1505 1349 volumus
1527 1287 1568 1350 vt
1590 1288 1693 1351 tene-

351 1412 433 1461 mur
448 1400 489 1463 vt
511 1392 642 1463 exinde
662 1392 776 1463 indie
797 1386 915 1462 melfis
938 1388 1178 1483 multiplicem
1200 1390 1356 1461 frustum
1381 1391 1419 1460 iu
1443 1389 1530 1462 celis
1552 1392 1693 1463 recolli·

350 1526 436 1597 gere
448 1504 566 1575 valeat
580 1504 625 1575 ad
639 1500 792 1575 salutem
806 1543 814 1559 ·
829 1504 973 1574 nouerit
986 1497 1199 1574 vniuerfitas
1210 1499 1329 1573 vestra
1341 1503 1436 1594 quod
1449 1525 1515 1574 nos
1529 1504 1692 1575 dedimus

352 1612 584 1687 concessimus
613 1624 652 1687 et
681 1616 749 1687 hac
778 1612 936 1709 presenti
970 1624 1070 1687 carta
1097 1610 1217 1686 nostra
1245 1614 1536 1687 confirmauimus
1567 1616 1692 1688 damus

351 1729 581 1800 concedimus
597 1737 636 1799 et
654 1727 906 1799 confirmamus
924 1725 1004 1797 Deo
1030 1735 1069 1797 et
1094 1726 1202 1798 beate
1219 1725 1339 1798 Marie
1357 1725 1502 1821 Virgini
1520 1750 1562 1798 ac
1579 1731 1693 1799 omui·

351 1839 419 1910 bus
434 1838 561 1911 sanetis
578 1849 617 1911 et
634 1841 695 1910 vui
712 1837 899 1932 capellano
925 1847 1100 1932 perpetuo
1116 1840 1155 1909 iu
1173 1838 1281 1910 choro
1304 1838 1519 1911 cathedralis
1544 1836 1692 1914 ecclesie

350 1948 616 2023 Aberdoueusrs
642 1948 860 2022 ministranti
878 1959 917 2021 et
933 1952 972 2021 in
988 1959 1204 2043 perpetuum
1228 1947 1472 2022 ministraturo
1492 1974 1556 2044 pro
1573 1956 1694 2025 anima

350 2061 437 2136 dicti
468 2064 603 2135 domini
631 2061 811 2134 Willelmi
840 2070 879 2133 et
908 2059 1029 2134 nostra
1056 2071 1094 2133 et
1123 2062 1310 2134 animabus
1339 2064 1501 2132 omnium
1530 2062 1692 2135 fidelium

350 2176 600 2248 desundtorum
626 2173 822 2246 secundum
852 2171 1117 2268 dispositionem
1146 2174 1232 2244 diei
1262 2174 1397 2245 domini
1423 2172 1603 2247 Willelmi
1628 2175 1691 2248 sex

349 2312 486 2361 marcas
503 2285 753 2382 sterlingorum
772 2283 902 2357 vsualis
926 2294 1074 2357 monete
1091 2286 1202 2357 annui
1217 2286 1380 2356 redditus
1403 2289 1590 2359 annuatim
1612 2312 1693 2383 per·

349 2399 537 2472 soluendae
554 2400 600 2471 ad
616 2396 707 2470 festa
723 2397 894 2470 videlicet
919 2395 1146 2491 pentecostes
1163 2405 1201 2468 et
1218 2396 1326 2469 fausti
1345 2396 1499 2469 Martini
1523 2401 1562 2471 iu
1587 2423 1692 2494 yeme

349 2536 414 2607 per
438 2510 584 2605 equales
609 2512 792 2604 portiones
818 2511 863 2582 dc
888 2510 994 2582 terris
1020 2507 1148 2581 nostris
1165 2509 1211 2580 de
1227 2508 1479 2582 Achidonalde
1504 2535 1588 2583 cum
1612 2536 1692 2607 per-

349 2626 513 2698 tinentiis
539 2624 577 2693 in
605 2624 753 2694 baronia
777 2620 897 2695 nostra
923 2624 968 2693 de
994 2620 1118 2692 Alden
1143 2618 1343 2713 supradicta
1368 2630 1407 2692 et
1436 2620 1591 2715 ipsarum
1619 2635 1691 2696 ter-

348 2760 469 2810 rarum
493 2759 614 2808 annuo
637 2736 783 2806 redditu
807 2734 966 2828 predidto
992 2731 1262 2826 quomodolibet
1278 2732 1470 2805 deficiente
1488 2736 1533 2807 de
1550 2737 1692 2832 integra

349 2850 495 2922 baronia
512 2844 631 2919 nostra
648 2847 693 2917 de
711 2845 834 2917 Alden
855 2846 1027 2918 leuandae
1044 2846 1185 2938 integre
1202 2853 1240 2915 et
1257 2843 1415 2937 plenarie
1439 2844 1691 2939 persoluendas

349 2971 388 3033 et
412 2961 659 3056 percipiendas
684 2958 817 3052 absque
842 2958 1125 3031 contradidionc
1152 2953 1395 3049 cuiuscunque
1413 2997 1422 3015 ·
1439 2957 1627 3032 Tenendas
1652 2973 1691 3034 et

348 3074 531 3147 habendas
554 3072 666 3144 distas
688 3069 751 3143 sex
773 3094 910 3143 marcas
934 3068 1185 3165 sterlingorum
1211 3069 1320 3140 annui
1346 3071 1507 3143 redditus
1532 3074 1691 3166 predidto

348 3184 535 3279 capellano
564 3185 626 3276 qui
656 3206 720 3276 pro
747 3193 911 3277 tempore
940 3182 1049 3253 fuerit
1079 3181 1125 3252 de
1152 3181 1255 3251 nobis
1280 3190 1319 3252 et
1345 3181 1537 3255 heredibus
1562 3182 1692 3258 nostris

349 3308 387 3371 et
412 3293 541 3368 nostris
566 3289 747 3390 affignatis
772 3292 1044 3388 quibuscunque
1064 3294 1102 3363 in
1122 3315 1248 3385 puram
1266 3302 1304 3364 et
1320 3304 1533 3386 perpetuam
1557 3296 1692 3369 elemo-

348 3407 461 3481 finam
487 3431 551 3501 pro
576 3405 691 3479 salute
716 3408 835 3479 anime
860 3407 944 3478 disti
971 3405 1107 3476 domini
1131 3401 1312 3475 Willelmi
1338 3413 1376 3477 et
1405 3403 1523 3479 nostre
1545 3417 1586 3480 vt
1611 3432 1692 3503 pre-

349 3522 463 3593 fertur
489 3523 542 3591 ita
563 3519 675 3591 libere
693 3520 815 3611 quiete
840 3517 999 3612 plenarie
1023 3516 1220 3588 honorifice
1245 3517 1338 3588 bene
1364 3527 1402 3589 et
1426 3520 1465 3589 in
1487 3542 1576 3613 pace
1599 3517 1690 3594 ficut

348 3634 476 3728 aliquis
506 3655 646 3704 annuus
679 3631 841 3703 redditus
875 3631 969 3700 infra
997 3652 1149 3724 reguum
1179 3628 1303 3701 Scotie
1333 3631 1378 3702 de
1407 3630 1526 3724 aliquo
1557 3637 1690 3707 comite

350 3745 407 3817 vel
432 3746 565 3816 barone
589 3745 626 3814 in
644 3766 771 3836 puram
795 3751 833 3813 et
858 3749 1069 3834 perpetuam
1095 3737 1325 3813 elemosinam
1348 3740 1495 3814 liberius
1511 3742 1573 3815 seu
1590 3747 1690 3838 quie-

349 3860 421 3929 tius
446 3866 593 3928 tenetur
617 3853 679 3926 seu
704 3850 900 3948 possidetur
916 3894 925 3911 ·
944 3876 1032 3945 quas
1059 3852 1204 3944 quidem
1229 3851 1291 3924 sex
1316 3877 1452 3926 marcas
1477 3859 1588 3927 annui
1610 3858 1690 3930 red·

350 3970 447 4042 ditus
474 3967 645 4039 leuandae
669 3975 710 4038 vt
734 3967 959 4060 premittitur
984 3974 1023 4039 et
1048 3967 1295 4059 percipiendas
1321 3989 1386 4059 per
1410 3990 1537 4038 manus
1564 3968 1689 4043 balliui

343 4091 412 4154 'aut
437 4077 702 4151 husbandorum
723 4076 786 4150 seu
810 4075 1053 4170 cuiuscunque
1070 4076 1127 4148 vel
1146 4101 1441 4170 quorumcunque
1465 4078 1614 4153 alterius
1631 4083 1690 4155 rel

348 4194 500 4265 aliorum
527 4190 706 4285 predictas
730 4199 844 4262 terras
870 4190 915 4260 de
935 4188 1187 4262 Achidonalde
1212 4189 1449 4261 inhabitantis
1465 4190 1525 4262 vel
1549 4192 1688 4267 inhabi-

348 4307 506 4379 tantium
522 4303 731 4395 occupantis
747 4300 808 4373 seu
826 4304 1081 4395 occupantium
1098 4311 1137 4373 et
1153 4301 1349 4374 earundem
1366 4310 1542 4375 terrarum
1567 4330 1687 4379 annuo

348 4417 491 4489 redditu
516 4414 674 4508 preditto
692 4436 905 4507 quacunque
922 4410 1106 4487 occasione
1123 4413 1316 4485 deficiente
1332 4437 1398 4507 per
1412 4438 1541 4489 manus
1561 4418 1686 4492 balliui

347 4529 406 4603 vel
422 4522 686 4601 husbandorum
698 4521 761 4598 seu
778 4525 925 4599 alterius
938 4525 996 4598 vel
1012 4525 1165 4599 aliorum
1178 4526 1311 4599 didam
1327 4526 1512 4601 baroniam
1529 4528 1687 4607 nostram
