4088 5430
348 621 418 691 346
864 612 1170 690 REGISTRUM
1535 614 1688 711 [sncnu

347 815 545 888 cathedrali
562 810 804 886 Abirdonenfi
822 854 830 870 ·
850 853 858 871 ·
878 854 886 870 ·
905 810 1058 886 testibus
1075 809 1245 909 magistro
1259 812 1450 885 Willelmo
1468 811 1688 907 Straquhine

347 928 478 998 vicario
499 922 740 999 vnlnerfitatis
756 923 1026 998 Aberdonenfis
1043 964 1052 982 ·
1068 935 1108 997 et
1125 926 1270 996 domino
1287 924 1427 997 'l'homa
1445 924 1626 998 Widdar·

348 1259 506 1332 Collatio
523 1262 569 1332 ad
587 1261 823 1354 capellaniam
842 1262 888 1332 de
904 1259 1088 1333 Galscholl
1106 1303 1114 1318 ·

348 1462 572 1558 Willelmus
597 1488 655 1558 dei
683 1496 722 1558 et
748 1484 941 1580 apostolice
971 1484 1064 1558 sedis
1092 1490 1210 1583 gratia
1238 1486 1424 1583 episeopus
1453 1489 1689 1561 Aberdonen-

349 1596 393 1671 fis
419 1600 564 1670 domino
588 1598 727 1670 Thome
748 1597 914 1693 Weddyr
936 1639 943 1655 ·
967 1638 976 1655 ·
1000 1638 1009 1656 ·
1032 1601 1117 1691 quia
1141 1600 1378 1694 capellaniam
1404 1611 1616 1696 perpetuam
1642 1604 1689 1673 de

348 1707 530 1783 Galsoholl
548 1713 586 1782 in
604 1706 753 1782 ecolesra
778 1706 898 1782 nostra
923 1710 1120 1782 cathedrali
1138 1709 1389 1784 Aberdonenfi
1416 1716 1461 1786 de
1486 1716 1565 1786 iure
1587 1724 1626 1786 et
1642 1716 1689 1785 de

346 1825 440 1896 fatto
467 1833 656 1896 vacantem
673 1845 738 1916 per
754 1818 993 1894 dimiffionem
1019 1825 1156 1896 domini
1173 1826 1320 1920 Georgij
1340 1823 1544 1899 Lumsdane
1570 1827 1689 1898 vltimi

346 1936 521 2029 capellani
543 1946 581 2007 et
604 1931 799 2027 pollefforis
826 1932 985 2007 eiusdem
1011 1937 1056 2007 ad
1080 1937 1340 2009 venerabilium
1366 1940 1524 2009 virorum
1551 1939 1691 2011 confra-

346 2058 515 2141 trumque
536 2044 736 2119 nostrorum
762 2046 888 2118 decani
907 2055 946 2118 et
963 2048 1113 2141 capituli
1139 2049 1233 2120 diue
1258 2047 1377 2120 nostre
1402 2047 1551 2123 ecclesre
1568 2052 1690 2123 cathe-

347 2161 454 2232 dralis
472 2155 739 2232 Aberdonenfis
763 2156 1069 2252 presentationem
1087 2156 1314 2253 nostramque
1339 2161 1570 2234 collationem
1595 2165 1691 2234 ordi-

348 2275 483 2346 nariam
501 2273 608 2366 pleno
626 2274 702 2343 iure
720 2268 941 2364 spe8tantem
965 2268 1117 2343 discreto
1134 2275 1210 2344 viro
1236 2269 1404 2367 magistro
1421 2272 1559 2347 Jacobo
1578 2275 1690 2346 Lind-

348 2384 407 2481 say
440 2382 636 2480 presbitero
670 2384 798 2455 decani
832 2391 870 2453 et
904 2382 1054 2476 capituli
1088 2381 1293 2478 presentato
1327 2382 1392 2456 sub
1419 2408 1544 2456 eorum
1574 2383 1690 2482 ligillo

347 2499 530 2570 communi
556 2536 591 2554 ··
616 2537 624 2552 ·
653 2496 838 2568 eharitatis
864 2495 1004 2566 intuitu
1029 2496 1249 2567 contulimus
1275 2537 1283 2552 ·
1310 2534 1318 2551 ·
1345 2537 1353 2552 ·
1373 2496 1489 2569 Vobis
1506 2536 1515 2552 ·
1533 2538 1541 2556 ·
1561 2538 1569 2555 ·
1588 2523 1690 2571 man-

348 2611 476 2681 damus
501 2617 680 2701 quatenus
706 2608 840 2679 diuum
867 2603 1075 2702 magistrum
1099 2607 1277 2680 Jacobum
1301 2610 1420 2677 ···in
1444 2604 1690 2703 pollellionem

349 2721 441 2792 orate
475 2720 672 2813 capellanie
699 2760 706 2775 ·
735 2760 742 2775 ·
771 2760 779 2777 ·
807 2719 1019 2790 inducatis·
1048 2760 1056 2775 ·
1086 2723 1196 2792 ·a8m
1221 2728 1325 2791 erant
1355 2721 1422 2792 heo
1455 2723 1493 2792 in
1520 2719 1691 2795 vniuerfi·

349 2843 425 2905 tate
454 2827 704 2904 Aberdonenfi
735 2833 772 2901 in
803 2826 986 2903 manfione
1016 2828 1198 2925 thesararij
1226 2827 1486 2903 Abirdonenfis
1512 2871 1520 2889 ·
1544 2875 1552 2890 ·
1579 2875 1587 2889 ·
1614 2856 1688 2907 an.

350 2965 605 3017 n.cccc.xc1x.
636 2939 768 3015 menfis
796 2967 879 3014 vero
906 2942 1008 3036 Junij
1037 2944 1096 3015 die
1130 2966 1226 3014 nona
1251 2983 1259 3000 ·
1288 2984 1296 3000 ·
1322 2980 1331 2998 ·
1356 2940 1582 3036 presentibus
1608 2987 1690 3027 ·,··

347 3056 483 3130 Jacobo
513 3056 668 3127 Browne
693 3056 829 3128 decano
856 3094 864 3111 ·
891 3054 1113 3127 Archibaldo
1140 3050 1307 3148 Lyndsay
1332 3063 1480 3126 cantore
1506 3096 1514 3112 ·
1540 3055 1690 3130 Andrea

351 3169 454 3263 Lyell
481 3166 674 3240 tbesaran'o
701 3166 959 3239 Aberdonense
984 3167 1161 3239 ·Andrea
1186 3163 1426 3258 Elphinstoun
1452 3167 1497 3239 de
1524 3167 1689 3242 Selmeo·
1745 3249 1748 3255 ,

258 3360 261 3365 ,
348 3283 493 3353 domino
512 3279 700 3351 Willelmo
720 3279 823 3373 Lyell
841 3303 923 3352 eum
942 3274 1089 3351 diuerlie
1106 3279 1186 3371 alijs
1205 3318 1212 3333 ·

348 3619 457 3692 Carta
475 3621 519 3690 de
537 3640 656 3691 annuo
675 3618 794 3688 reditu
813 3618 966 3687 duorum
984 3614 1180 3688 solidorum
1200 3663 1206 3674 ⁴

349 3823 525 3917 Andreae
553 3844 663 3916 Kelle
689 3884 697 3902 ·
725 3886 732 3902 ·
762 3885 770 3902 ·
799 3843 987 3915 Noueritis
1017 3867 1076 3915 me
1104 3885 1112 3900 ·
1137 3880 1145 3897 ·
1173 3884 1181 3898 ·
1211 3838 1405 3914 vendidiffe
1430 3880 1438 3896 ·
1466 3843 1686 3939 ··magistro

349 3957 525 4029 Dunoano
544 3956 696 4029 Scherar
721 3998 729 4015 ·
755 3996 763 4013 ·
791 3996 799 4014 ·
826 3978 987 4028 annuum
1012 3955 1194 4026 redditum
1219 3954 1371 4025 duorum
1389 3951 1580 4027 solidorum
1605 3995 1615 4013 ·
1641 4000 1650 4015 ·
1677 4000 1686 4016 ·

349 4069 541 4140 leuandum
560 4069 605 4139 de
623 4109 631 4124 ·
652 4109 659 4125 ·
679 4107 687 4122 ·
705 4068 843 4166 duabus
860 4069 1045 4161 perticatie
1069 4068 1161 4139 meis
1184 4077 1360 4139 terrarum
1377 4069 1578 4140 iacentibus
1595 4071 1689 4144 infra

348 4182 501 4274 burgum
520 4180 565 4251 de
583 4178 719 4251 Kintor
736 4203 887 4272 quarum
913 4203 984 4253 vna
1008 4182 1102 4252 iacet
1120 4203 1167 4252 ex
1181 4176 1326 4251 australi
1352 4188 1456 4273 parte
1473 4181 1558 4251 diui
1584 4183 1689 4279 burgi

347 4296 444 4363 inter
477 4300 590 4362 terras
624 4289 808 4386 hospitalis
834 4290 944 4364 sanati
977 4291 1115 4364 Tbome
1149 4292 1313 4364 Martiris
1348 4294 1393 4362 de
1420 4292 1606 4365 Abirdene
1640 4320 1688 4368 ex

348 4404 513 4476 orientali
531 4412 569 4474 et
587 4412 700 4475 terrae
724 4405 900 4476 heredum
926 4405 1107 4497 quondam
1134 4401 1291 4499 Fargusrj
1319 4403 1499 4499 Phipsone
1524 4428 1571 4476 ex
1596 4410 1690 4479 ocei-

348 4515 485 4588 dentali
511 4528 550 4587 et
575 4514 689 4587 altera
706 4516 800 4588 iacet
818 4540 864 4589 ex
882 4517 1008 4589 eadem
1032 4525 1136 4610 parte
1153 4513 1312 4588 eiusdem
1329 4517 1433 4612 burgi
1460 4518 1556 4589 inter
1573 4528 1688 4593 terras
