4088 5430
345 621 416 687 314
862 606 1170 682 REGISTRUM
1540 609 1695 705 [arcum

347 924 405 996 De
422 925 567 996 redditu
585 924 650 1017 xiij
670 963 677 979 ·
695 920 757 992 sol.
777 962 785 978 ·
805 928 843 992 et
860 921 912 1013 iiij
931 963 939 978 ·
959 922 1040 994 den.
1059 922 1104 991 ad
1123 919 1237 992 altare
1255 915 1366 992 sansti
1383 919 1535 992 Andree
1554 957 1562 972 ·

346 1124 517 1220 Thomas
532 1145 605 1239 Fyf
617 1146 663 1217 da
677 1143 891 1236 Eschintuly
904 1167 945 1214 ac
963 1138 1149 1236 burgensis
1165 1143 1271 1237 burgi
1285 1141 1331 1214 de
1344 1142 1520 1215 Aberden
1532 1181 1541 1198 ·
1554 1181 1562 1198 ·
1576 1182 1585 1199 ·
1599 1143 1697 1228 Quia

348 1300 360 1317 ·
382 1301 390 1316 ·
416 1301 424 1316 ·
448 1258 668 1329 Laurencius
688 1257 781 1349 Pyot
806 1255 1078 1326 archidiaconus
1104 1250 1255 1326 ecclesie
1272 1295 1280 1312 ·
1300 1293 1309 1312 ·
1328 1295 1337 1311 ·
1356 1253 1626 1327 Aberdonensrs
1652 1281 1696 1328 ac

349 1374 465 1444 rector
480 1372 586 1440 nnius
611 1368 811 1462 capellanie
828 1368 874 1438 ad
891 1366 1005 1438 altare
1030 1364 1141 1438 sancti
1159 1365 1308 1438 Andree
1334 1364 1485 1461 apostoli
1512 1370 1549 1439 in
1567 1370 1696 1440 eadem

349 1479 498 1556 ecclesia
523 1478 696 1552 situatum
722 1481 784 1549 vni
811 1478 998 1571 capellano
1028 1501 1092 1570 pro
1118 1486 1295 1570 perpetuo
1325 1479 1551 1551 celebraturo
1577 1490 1696 1551 certas

350 1596 583 1690 pecuniarum
601 1592 757 1663 summas
775 1631 783 1647 ·
802 1631 810 1646 ·
830 1628 838 1646 ·
856 1592 993 1662 decano
1011 1598 1049 1660 et
1067 1591 1249 1660 canonicis
1266 1591 1417 1683 capituli
1435 1592 1529 1663 dicte
1546 1587 1697 1662 ecclesie

350 1708 535 1802 legauerat
552 1745 560 1760 ·
580 1745 588 1760 ·
607 1744 615 1760 ·
634 1727 699 1797 pro
716 1704 879 1773 uberiore
904 1702 1149 1772 infeodatione
1166 1701 1366 1795 capellanie
1383 1713 1422 1774 et
1439 1727 1504 1796 pro
1521 1700 1698 1775 sustenta-

350 1821 450 1890 tione
468 1817 644 1909 capellani
661 1815 811 1908 predidti
829 1838 893 1908 pro
910 1816 1015 1884 terris
1032 1823 1071 1884 et
1088 1812 1217 1884 annuis
1234 1814 1435 1885 redditibus
1453 1816 1615 1885 emendis
1631 1852 1639 1868 ·
1659 1855 1667 1870 ·
1688 1854 1695 1869 ·

350 1939 458 2023 prout
481 1924 546 2021 ipsr
564 1928 745 1998 voluerint
763 1948 883 1997 coram
901 1924 1039 1995 summo
1057 1926 1175 1996 iudice
1192 1922 1406 2017 respondere
1424 1967 1432 1983 ·
1451 1967 1460 1982 ·
1479 1967 1487 1982 ·
1507 1926 1699 1997 Noueritis

351 2064 437 2112 me·
460 2080 468 2096 ·
493 2035 715 2110 ·vendidille
733 2078 741 2093 ·
762 2078 769 2094 ·
789 2077 797 2092 ·
816 2038 953 2107 decano
979 2046 1018 2107 et
1043 2037 1224 2106 canonicis
1249 2038 1399 2129 capituli
1428 2036 1698 2110 Aherdonenfis

350 2153 519 2246 predidtis
536 2152 682 2220 nomine
700 2145 927 2243 alhguatorio
946 2148 1031 2218 dicti
1049 2148 1231 2238 quondam
1248 2149 1488 2221 archidiaconi
1511 2173 1575 2243 pro
1592 2164 1698 2243 parte

351 2263 605 2334 infeodationis
623 2262 717 2331 diue
740 2258 940 2353 capellanie
957 2259 1018 2328 vni
1036 2258 1223 2350 capellano
1248 2281 1312 2352 pro
1337 2273 1514 2353 perpetuo
1539 2262 1700 2334 celebra-

351 2385 433 2445 turo
461 2375 506 2444 ad
534 2373 647 2444 altare
677 2372 876 2464 predidcum
902 2394 967 2462 pro
992 2371 1114 2441 anima
1138 2372 1320 2463 quondam
1346 2374 1431 2443 dini
1457 2373 1699 2445 archidiaconi

352 2599 439 2668 dum
461 2598 506 2668 de
532 2597 637 2666 terris
662 2596 753 2665 meis
780 2595 825 2664 de
852 2593 1066 2686 Eschintuly
1084 2627 1092 2645 ·
1112 2633 1120 2649 ·
1139 2633 1147 2649 ·
1167 2594 1368 2665 iacentibus
1393 2596 1488 2667 infra
1510 2599 1702 2668 vicecomi-

352 2720 471 2781 tatum
503 2709 548 2778 de
579 2706 801 2800 Kyncardyn
835 2728 900 2799 pro
930 2704 1085 2798 quadam
1113 2715 1213 2776 certa
1241 2702 1381 2777 summa
1406 2710 1558 2799 pecunie
1588 2732 1700 2800 qnam

352 2822 483 2914 prefati
510 2820 667 2890 decanus
693 2828 731 2888 et
759 2818 949 2888 canonici·
969 2857 977 2874 ·
998 2856 1006 2872 ·
1024 2818 1172 2886 nomine
1200 2819 1350 2910 predicti
1380 2821 1644 2892 archidiaconi·
1664 2860 1672 2876 ·
1691 2861 1700 2876 ·

352 2930 624 3025 persoluerunt·
641 2969 648 2987 ·
664 2971 672 2986 ·
688 2929 798 3022 Apud
817 2931 954 3000 didtum
971 2928 1126 3022 burgum
1143 2930 1233 3021 xxxj
1252 2928 1419 3002 Ottobris
1436 2956 1530 3003 anno
1549 2932 1700 3003 Domini

354 3061 658 3114 mccccnrunvur
694 3081 702 3097 ·
738 3038 904 3111 'festibus
932 3080 939 3096 ·
969 3081 977 3096 ·
1010 3080 1018 3096 ·
1047 3038 1259 3112 Alexandro
1303 3041 1500 3136 Mengheis
1535 3083 1542 3099 ·
1576 3043 1700 3115 Dauid

354 3154 527 3245 Mengeis
551 3194 559 3210 ·
584 3153 751 3225 Gilberto
778 3148 899 3224 Vaull
916 3189 925 3206 ·
947 3150 1115 3223 Johanne
1141 3148 1263 3224 Vaull
1280 3191 1288 3209 ·
1316 3153 1471 3225 dominis
1506 3155 1702 3227 Nicholaio

354 3264 500 3358 Proudy
534 3266 666 3336 vicario
700 3262 810 3335 santii
847 3263 1071 3356 Maquhorrij
1106 3303 1114 3318 ·
1151 3261 1305 3335 Matheo
1344 3263 1467 3336 Pacok
1502 3306 1510 3322 ·
1545 3268 1702 3338 dominis

230 3440 233 3446 .
353 3376 378 3447 J
380 3376 521 3448 ohanne
540 3375 732 3468 Gutheryn
751 3414 759 3432 ·
779 3374 941 3445 Roberto
960 3373 1044 3445 heis
1062 3374 1256 3467 capellanis
1273 3386 1312 3446 et
1329 3379 1478 3470 notarijs
1494 3379 1674 3471 publicis·

355 3647 589 3762 Preceptum
619 3663 732 3737 sasrne
763 3663 921 3737 eiusdem
950 3706 957 3722 ·
987 3665 1127 3738 Datum
1157 3668 1253 3760 apud
1277 3667 1452 3741 Aberden
1483 3670 1609 3742 vltimo
1641 3671 1702 3742 die

354 3776 486 3852 mensis
503 3777 670 3852 Octobris
687 3801 781 3850 anno
801 3775 951 3847 Domini
968 3797 1273 3850 mccccnxxvrn
1292 3821 1299 3836 ·

356 4036 655 4132 Instrumentum
698 4055 887 4128 consensus
927 4056 1142 4128 Elizabethe
1177 4055 1339 4152 Douglas
1381 4058 1506 4154 sponse
1548 4065 1701 4155 predidti

354 4171 492 4242 rhome
511 4166 597 4259 Fyff
609 4168 654 4237 de
673 4165 886 4261 Esohintuly
904 4210 911 4226 ·
931 4167 1071 4240 Datum
1098 4171 1194 4262 apud
1211 4169 1384 4243 Aberden
1410 4175 1460 4266 xij
1480 4173 1703 4248 Nouembris

355 4304 450 4355 anno
479 4278 628 4348 Domini
656 4298 959 4351 mccccnxxvrn
987 4321 996 4336 ·
1022 4278 1254 4352 Presentibus
1285 4280 1452 4356 Gilberto
1476 4283 1596 4358 Vaull
1618 4287 1705 4357 bur-

354 4391 464 4489 gense
490 4390 574 4459 diui
604 4390 709 4484 burgi
735 4390 903 4463 Johanne
928 4390 1047 4464 Vaull
1068 4393 1142 4464 filio
1169 4392 1257 4466 dicti
1284 4393 1441 4467 Gilberti
1467 4407 1506 4468 et
1532 4397 1704 4471 Johanne

356 4504 495 4599 Quhyit
512 4499 644 4572 clerico
661 4539 670 4556 ·
