4088 5430
344 642 415 706 290
862 626 1167 702 REGISTRUM
1535 623 1688 718 [sucum

346 827 543 904 Andirston
562 832 679 923 priore
697 829 742 899 de
761 828 859 921 Fyve
878 825 1050 898 ·Andrea
1067 823 1237 918 Gyffarde
1252 865 1260 880 ·
1276 823 1453 897 Villelmo
1472 821 1592 914 Cryne
1604 859 1613 876 ·
1626 819 1691 890 Jo-

346 945 465 1015 hanne
479 942 611 1012 Brown
624 980 631 995 ·
643 941 804 1011 Roberto
814 939 838 1010 J
841 939 992 1009 ohannis
1005 949 1043 1010 et
1054 935 1227 1032 Anguseo
1241 935 1324 1008 nde
1335 975 1343 992 ·
1355 958 1438 1008 cum
1452 934 1532 1028 alijs
1544 934 1691 1005 multis·

351 1257 582 1373 Preceptnm
614 1272 722 1349 saline
753 1277 961 1348 earumdem
992 1284 1167 1345 terrarum
1199 1315 1207 1331 ·
1238 1273 1406 1346 Johanne
1437 1274 1482 1344 de
1512 1269 1690 1344 Blakhale

350 1394 495 1465 domino
513 1389 671 1461 eiusdem
688 1388 823 1460 ballino
843 1425 851 1443 ·
871 1387 1005 1483 [datum
1022 1387 1178 1483 utsupra
1194 1383 1222 1479 ·]

351 1729 583 1802 Confirmatio
602 1727 734 1798 Prioris
752 1727 796 1797 de
814 1725 1023 1820 Torphikyn
1040 1721 1147 1817 super
1164 1719 1296 1795 eisdem
1315 1725 1420 1796 terris
1439 1764 1447 1781 ·

352 1932 494 2028 Frater
506 1950 717 2022 Alexander
734 1952 779 2021 do
793 1949 983 2043 Lychtone
1002 1948 1107 2019 miles
1125 1949 1221 2041 prior
1234 1950 1279 2019 de
1290 1947 1498 2043 Torphikyn
1516 1972 1558 2021 ac
1575 1945 1694 2021 custos

351 2078 388 2140 et
422 2065 641 2160 gubernator
671 2064 833 2132 omnium
863 2070 1041 2132 terrarum
1074 2060 1171 2130 beati
1202 2058 1381 2131 Johannis
1411 2058 1694 2133 Jerosolimitani

350 2181 443 2253 infra
467 2198 619 2270 regnum
642 2173 766 2245 Scotie
784 2212 791 2228 ·
810 2212 818 2226 ·
836 2212 843 2227 ·
863 2172 1053 2242 Noueritis
1071 2195 1130 2242 ma
1148 2168 1272 2243 vidillo
1289 2210 1298 2228 ·
1371 2185 1509 2245 cartam
1535 2170 1694 2269 magistri

350 2292 462 2364 Alani
480 2290 524 2359 ‹le
540 2287 677 2357 Futhas
695 2325 703 2342 ·
721 2324 729 2340 ·
748 2323 757 2341 ·
775 2285 1037 2376 uniusquidem
1055 2292 1155 2355 carte
1171 2294 1277 2354 tenor
1294 2281 1455 2376 sequitur
1472 2326 1480 2342 ·
1500 2324 1508 2340 ·
1526 2326 1534 2342 ·
1554 2283 1696 2357 Alanus

351 2407 396 2477 de
416 2402 553 2473 Futhas
571 2393 739 2491 magister
756 2399 792 2466 in
811 2397 949 2467 artibus
966 2405 1004 2466 et
1024 2397 1219 2467 canonicus
1237 2393 1466 2467 ecclesiarum
1486 2397 1696 2469 Morauien·

351 2513 396 2587 sis
416 2510 493 2610 [et]
510 2505 686 2581 Rollensis
702 2549 709 2564 ·
728 2546 736 2562 ·
755 2549 763 2565 ·
779 2508 969 2579 Noueritis
986 2530 1066 2578 me·
1085 2546 1093 2561 ·
1110 2545 1118 2561 ·
1133 2504 1265 2578 dedisse
1283 2547 1291 2564 ·
1308 2548 1316 2563 ·
1333 2508 1436 2580 ·Deo
1454 2513 1695 2603 omnipotenti

351 2629 458 2699 beato
473 2623 591 2694 Marie
603 2621 747 2714 Virgini
766 2629 803 2690 et
821 2621 988 2690 omnibus
1004 2617 1132 2690 sannis
1149 2643 1190 2691 ac
1209 2619 1372 2713 episcopo
1391 2622 1527 2693 decano
1545 2632 1583 2693 et
1601 2627 1698 2718 capi-

352 2738 430 2809 tulo
449 2730 598 2807 ecclesio
611 2727 880 2803 Aberdoncnlis
897 2755 961 2824 pro
974 2728 1233 2803 sustentatione
1248 2735 1353 2803 vnius
1370 2733 1547 2827 capellani
1564 2736 1697 2828 ydonei

352 2852 396 2922 ad
424 2846 677 2921 celebrandum
696 2843 857 2936 qualibet
875 2845 1074 2914 ebdomada
1099 2839 1235 2915 millam
1254 2848 1430 2935 vnam,ad
1453 2847 1566 2918 altare
1590 2849 1698 2922 beate

354 2963 473 3034 Mario
492 2958 655 3051 Virginis
672 2953 844 3026 situatum
863 2957 899 3025 in
917 2952 1062 3026 australi
1080 2956 1188 3025 choro
1206 2958 1300 3028 diae
1322 2956 1470 3030 ecclesie
1488 2983 1612 3030 omnes
1632 3001 1639 3016 ·
1660 3003 1668 3018 ·
1690 3004 1697 3018 ·

354 3084 467 3146 terras
485 3093 583 3142 meas
600 3071 645 3139 de
659 3068 830 3162 llayrlaw
844 3093 885 3139 ac
903 3069 1137 3139 medietatem
1157 3072 1319 3140 omnium
1337 3080 1515 3142 terrarum
1533 3073 1578 3142 de
1592 3072 1700 3144 Litil-

354 3184 509 3257 wertliill
527 3222 535 3238 ·
553 3222 561 3236 ·
579 3221 587 3236 ·
606 3184 765 3252 iacentes
782 3183 819 3250 in
837 3181 1027 3274 regalitate
1041 3182 1086 3251 de
1100 3180 1281 3251 Garuiach
1298 3183 1392 3252 infra
1405 3186 1699 3258 vicecomitatum

355 3301 400 3370 de
413 3297 586 3368 Aberden
605 3331 613 3347 ·
632 3331 640 3348 ·
658 3335 666 3350 ·
687 3293 887 3363 Reddenda
905 3293 989 3362 inde
1007 3294 1194 3362 annuatim
1211 3330 1219 3346 ·
1238 3331 1246 3347 ·
1266 3334 1273 3349 ·
1294 3293 1408 3364 Priori
1427 3295 1472 3365 de
1489 3294 1699 3391 Torpliikyn

356 3449 416 3469 ···
435 3409 620 3480 seruitium
643 3407 806 3476 debitum
825 3443 832 3458 ·
850 3442 858 3459 ·
877 3445 885 3460 ·
903 3402 1001 3474 saluo
1027 3405 1115 3474 mihi
1141 3427 1205 3496 pro
1230 3412 1310 3475 toto
1336 3418 1499 3499 tempore
1518 3409 1592 3479 vite
1618 3432 1701 3481 mee

355 3526 432 3594 iure
456 3527 667 3614 patronatus
684 3515 780 3588 dicte
798 3515 997 3608 capellanie
1016 3554 1023 3570 ·
1040 3539 1099 3587 me
1117 3540 1201 3587 vcro
1220 3519 1314 3588 viam
1334 3517 1496 3590 vniucrse
1513 3522 1629 3592 carnis
1646 3525 1701 3593 in-

355 3630 468 3729 grello
495 3632 589 3702 dicto
615 3631 692 3699 iure
715 3636 927 3721 patronatus
953 3629 997 3698 ad
1023 3630 1201 3721 predi8ws
1227 3626 1431 3724 episcopum
1459 3634 1634 3704 decanum
1661 3647 1701 3706 et

357 3744 555 3839 capitulum
574 3754 611 3813 et
629 3740 709 3812 suos
735 3738 945 3811 succcllores
971 3741 1187 3811 reuertendo
1204 3779 1212 3796 ·
1230 3779 1238 3794 ·
1258 3782 1266 3798 ·
1285 3741 1396 3834 Apud
1414 3741 1588 3816 Aberden
1606 3748 1702 3819 vice·

358 3852 444 3925 simo
459 3857 516 3926 die
530 3848 660 3924 meniis
674 3853 856 3945 Februarij
871 3875 965 3923 anno
978 3851 1127 3922 Domini
1145 3849 1334 3924 millesimo
1348 3853 1702 3950 quadringentelimo

358 3964 524 4039 vicesimo
542 3968 651 4037 tertio
670 4006 678 4023 ·
695 3962 861 4037 Testibus
885 4006 893 4021 ·
920 4003 928 4018 ·
955 3963 1174 4035 ·Henrico·
1201 4003 1208 4018 ·
1236 4006 1243 4021 ·
1268 3963 1432 4059 episcopo
1451 3967 1701 4040 Aberdonenli

360 4121 368 4137 ·
387 4120 395 4136 ·
415 4120 422 4136 ·
442 4078 651 4149 Alexandro
671 4076 874 4149 senescallo
901 4079 1034 4148 comite
1052 4078 1097 4147 de
1116 4076 1201 4147 Mar
1218 4089 1256 4148 ct
1274 4078 1319 4148 de
1338 4079 1517 4151 Garuiach
1537 4122 1545 4136 ·
1563 4080 1704 4154 Thomu

360 4188 565 4263 Senescallo
583 4189 658 4260 filio
680 4189 766 4262 dicti
794 4191 929 4260 domini
956 4191 1098 4260 comitis
1125 4191 1270 4260 domino
1288 4190 1333 4260 de
1351 4189 1509 4263 B’onach
1527 4232 1535 4247 ·
1554 4191 1706 4265 Andrea

359 4300 565 4375 Sonescallo
583 4303 795 4371 vicecomite
813 4303 858 4372 dc
876 4301 1049 4372 Aberden
1069 4343 1076 4358 ·
1097 4300 1308 4372 Alexandro
1335 4303 1379 4373 de
1403 4303 1432 4372 F
1433 4305 1537 4374 orbes
1555 4304 1703 4377 domino

359 4413 516 4486 eiusdem
535 4451 543 4467 ·
561 4411 771 4483 Alexandro
798 4414 843 4483 de
870 4411 989 4506 Irwyn
1016 4414 1161 4484 domino
1180 4415 1225 4484 de
1244 4412 1359 4484 Drum
1386 4415 1563 4488 militibus
1580 4455 1588 4471 ·
1608 4417 1705 4489 Wil-

359 4526 468 4598 lelmo
495 4526 540 4595 de
567 4523 702 4594 Forbea
728 4524 773 4593 de
799 4522 986 4617 Kynnaldi
1011 4524 1205 4597 ·Gilberto
1232 4525 1428 4619 Mengheia
1452 4525 1631 4623 prepolito
1658 4532 1704 4603 do
