4088 5430
348 609 417 680 186
861 598 1165 673 REGISTRUM
1530 607 1682 701 [siccum

346 828 427 878 rum
441 803 600 875 exitibus
612 810 651 873 et
665 798 814 873 escaetis
826 823 910 872 cum
926 800 1143 871 molendinis
1161 800 1329 872 multuris
1342 810 1380 872 et
1393 825 1519 873 eorum
1533 801 1685 896 sequelis

347 939 430 989 cum
447 915 595 986 fabrinis
611 923 651 984 et
667 914 821 986 bracinis
838 922 877 985 et
894 936 1018 984 eorum
1035 911 1160 1005 officijs
1177 921 1216 983 et
1233 914 1399 984 omnibus
1424 914 1503 1007 alijs
1528 938 1686 986 commo·

348 1026 523 1099 ditatibus
541 1034 578 1096 et
596 1022 824 1117 aysiamentis
837 1026 882 1096 ad
899 1025 1032 1095 didam
1049 1033 1182 1094 terram
1194 1022 1437 1116 spectantibus
1450 1023 1512 1097 seu
1525 1024 1685 1120 spesiare

348 1137 552 1209 valentibus
569 1136 841 1228 quomodolibet
865 1137 1068 1207 infuturum
1085 1172 1093 1190 ·
1111 1132 1312 1206 Reddendo
1329 1137 1413 1208 inde
1431 1138 1533 1208 nobis
1550 1162 1686 1210 annua-

349 1251 416 1320 tim
449 1249 629 1341 proditius
659 1249 825 1319 dominus
854 1246 1065 1318 Willelmus
1095 1256 1133 1318 et
1163 1242 1415 1320 successoribus
1448 1245 1575 1320 nostris
1605 1252 1685 1321 otto

347 1383 485 1433 marcas
501 1359 632 1432 vsualis
657 1369 804 1431 monete
829 1361 874 1432 ad
900 1357 990 1431 festa
1007 1358 1239 1431 Pentecostes
1266 1357 1441 1448 etsantti
1467 1360 1621 1434 Martini
1647 1364 1684 1433 in

347 1495 452 1568 yeme
464 1496 529 1566 per
541 1472 686 1564 equales
704 1472 908 1565 portiones·
924 1473 1079 1542 termino
1096 1472 1210 1564 prime
1224 1468 1410 1543 solutionis
1427 1471 1623 1566 ii'icipiente
1639 1475 1685 1544 ad

347 1583 479 1673 festum
493 1581 725 1656 Pentecostes
742 1586 827 1655 anni
845 1583 993 1654 Domini
1011 1579 1190 1653 millesimi
1208 1580 1449 1655 trecentesimi
1467 1581 1686 1680 nonagesimi

347 1696 493 1770 secundi
511 1706 549 1767 et
566 1697 730 1767 faciendo
754 1705 827 1767 tres
844 1693 956 1767 sosas
973 1693 1134 1785 quolibet
1159 1718 1253 1765 anno
1271 1696 1369 1766 curie
1394 1693 1515 1767 nostre
1540 1696 1685 1790 capitali

349 1810 395 1881 de
413 1809 516 1879 Rene
534 1847 542 1864 ·
562 1817 600 1879 et
622 1807 813 1880 seruicium
836 1802 1052 1878 forinsecum
1074 1807 1219 1876 domino
1244 1803 1363 1878 nostro
1389 1806 1480 1902 Regi
1509 1817 1685 1900 quantum

348 1922 508 2014 pertinet
525 1920 570 1991 ad
588 1920 720 1991 diitam
744 1928 880 1990 terram
904 1941 969 2011 pro
987 1918 1152 1989 omnibus
1169 1918 1248 2011 alijs
1269 1916 1428 2012 seruicijs
1446 1929 1484 1990 et
1501 1921 1687 1992 demendis

347 2055 418 2125 que
441 2055 506 2125 per
531 2053 597 2103 rios
614 2031 672 2102 vel
698 2026 908 2102 successores
933 2027 1071 2100 nostros
1089 2031 1133 2101 de
1156 2031 1251 2102 dicia
1278 2039 1374 2102 terra
1403 2034 1498 2126 exigi
1525 2034 1686 2125 poterint

347 2145 405 2216 rel
422 2144 577 2235 requiri·
592 2142 637 2213 In
655 2166 807 2235 quorum
825 2143 986 2213 omnium
1003 2139 1248 2213 testimouium
1265 2140 1422 2236 sigillum
1439 2140 1598 2216 nostrum
1616 2167 1687 2216 vua

348 2280 431 2329 cum
461 2251 575 2350 sigillo
606 2256 790 2326 communi
822 2253 971 2346 capituli
998 2249 1108 2325 nostri
1135 2252 1359 2347 presentibus
1387 2252 1439 2325 est
1463 2254 1684 2348 appensum·

348 2367 486 2440 Datum
499 2368 536 2435 in
551 2367 658 2436 domo
676 2363 795 2437 nostra
808 2364 996 2458 capitulari
1010 2361 1175 2436 vicesimo
1189 2374 1316 2458 quarto
1330 2368 1389 2437 die
1404 2364 1536 2437 mensis
1549 2366 1686 2461 Aprilis

348 2503 443 2552 anno
455 2477 603 2549 Domini
616 2474 805 2548 millesimo
817 2470 1067 2547 trecentesimo
1078 2474 1306 2572 nonagesimo
1316 2476 1472 2549 secundo
1483 2480 1683 2551 anteditto·

348 2591 489 2676 Quibus
502 2589 668 2661 omuibus
680 2588 926 2659 interfuerunt
939 2584 1186 2680 circumsin
1199 2590 1266 2658 viri
1280 2626 1288 2643 ·
1301 2588 1510 2661 Willelmns
1524 2591 1568 2661 de
1582 2589 1684 2683 Spirii

348 2703 506 2774 decanus
523 2737 531 2755 ·
549 2699 733 2771 Robertus
749 2699 844 2792 Boyl
870 2707 996 2770 cantor
1012 2735 1020 2753 ·
1038 2697 1061 2767 J
1063 2701 1223 2771 ohannes
1241 2703 1285 2772 de
1302 2700 1494 2772 Dumbrek
1510 2703 1686 2774 cancella-

347 2816 447 2885 rius·
469 2811 679 2882 Willelmus
704 2812 750 2882 de
775 2807 1030 2903 Hormyssioke
1054 2809 1296 2883 thesaurarius
1314 2851 1322 2867 ·
1339 2812 1524 2884 Johannes
1549 2813 1685 2886 Barber

349 2926 618 2999 archidiaconus
650 2963 658 2981 ·
688 2922 898 2993 Willelmus
932 2923 977 2992 de
1007 2921 1159 2994 Calabro
1189 2924 1379 2996 -Thomas
1410 2924 1455 2995 de
1485 2924 1682 2997 Edname·

348 3039 504 3110 Thomas
521 3037 567 3109 de
583 3037 809 3130 Tyningham
827 3075 835 3092 ·
854 3044 893 3106 et
910 3032 1093 3107 Robertus
1112 3033 1223 3129 Wyse
1248 3037 1411 3107 canonici
1436 3046 1525 3107 tunc
1548 3039 1685 3130 capitu-

348 3150 425 3221 lum
443 3149 617 3221 facientes
634 3143 743 3218 testes
760 3148 805 3218 ad
822 3142 987 3240 premissa
1002 3146 1204 3240 specialiter
1220 3149 1378 3218 inuocati
1397 3186 1404 3202 ·

350 3487 568 3580 Preceptum
597 3486 691 3579 regis
716 3485 762 3555 ad
791 3480 1117 3578 recognoscendum
1141 3486 1179 3555 in
1205 3484 1368 3555 manibus
1399 3482 1469 3554 suis
1499 3492 1611 3556 terras
1639 3487 1684 3558 de

349 3598 487 3691 Byrnes
504 3621 547 3669 ac
566 3596 780 3668 tradendum
806 3619 865 3667 eas
890 3597 936 3666 ad
960 3598 1120 3692 plegium
1141 3608 1179 3668 et
1205 3596 1451 3690 reponendum
1479 3593 1683 3690 episcopum

349 3706 644 3783 Aberdonensem
661 3709 700 3778 in
717 3703 961 3801 possessionem
979 3749 987 3764 ·

348 3910 546 4007 Robertus
564 3932 635 4004 Dei
660 3932 776 4026 gratia
799 3954 864 4001 rex
888 3929 1096 4001 Scottorum
1114 3931 1317 4002 vicecomiti
1335 3939 1372 4001 et
1390 3928 1532 4001 balliuis
1548 3929 1620 4002 suis
1637 3933 1683 4003 de

349 4047 543 4119 Aberdene
568 4042 719 4116 salutern
742 4083 750 4099 ·
776 4065 840 4135 per
869 4043 1165 4115 deliberationem
1191 4052 1229 4113 et
1255 4043 1441 4113 decretum
1467 4041 1682 4134 parlamenti

349 4154 459 4230 nostri
472 4158 599 4228 vltimo
616 4158 711 4227 tenti
728 4157 823 4249 apud
841 4154 996 4227 Sccnam
1010 4156 1110 4227 vobis
1123 4155 1275 4225 firmiter
1291 4154 1519 4246 precipiendo
1537 4155 1683 4226 manda·

347 4293 429 4341 inus
448 4279 625 4361 quatenus
642 4270 680 4338 in
698 4290 825 4339 manus
848 4264 983 4339 nostras
1008 4262 1211 4361 recognosci
1237 4266 1376 4336 faciatis
1402 4265 1553 4336 indilate
1569 4274 1682 4338 terras

349 4384 394 4454 de
411 4381 576 4473 Brynnes
602 4403 683 4451 curn
710 4381 941 4472 pertinenciis
959 4403 1029 4471 que
1045 4378 1128 4451 sunt
1151 4377 1340 4449 reuerendi
1358 4379 1394 4447 iri
1412 4373 1553 4448 Christo
1571 4381 1681 4470 patris

349 4494 506 4566 Gilberti
520 4489 673 4583 episcopi
687 4487 953 4561 Aberdonensis
966 4492 1058 4562 infra
1070 4492 1205 4561 dittum
1219 4490 1510 4561 vicecomitatum
1524 4491 1681 4561 iacentes
