4088 5430
347 645 419 710 214
863 632 1167 707 REGISTRUM
1534 636 1688 731 [sncunr

349 833 497 909 cessores
513 834 652 929 eligent
668 842 708 904 et
725 830 984 926 presentabant
1000 833 1103 903 nobis
1116 842 1155 904 et
1167 831 1420 905 successoribus
1435 831 1564 906 nostris
1577 859 1689 907 vnum
1731 901 1738 916 ,

351 953 467 1020 virum
490 949 671 1040 ydoneum
696 947 950 1038 inperpetuum
969 946 1140 1016 vicarium
1158 945 1253 1016 dise
1270 941 1419 1017 ecclesie
1439 983 1448 1001 ·
1472 984 1480 1000 ·
1503 984 1512 1001 ·
1534 949 1595 1039 qui
1612 952 1691 1041 qui-

352 1062 434 1132 dem
448 1060 601 1131 vicarius
613 1057 762 1129 habebit
775 1057 965 1128 duodecim
981 1080 1119 1128 marcas
1132 1080 1252 1129 annue
1264 1052 1445 1151 pensionis
1458 1059 1503 1129 de
1516 1059 1690 1131 frutribus

352 1167 511 1243 eiusdem
525 1166 672 1242 ecclesie
684 1169 870 1240 annuatim
884 1169 928 1239 ad
942 1171 1118 1239 terminos
1130 1164 1250 1240 nostre
1263 1165 1422 1262 dyocesis
1435 1171 1607 1242 annuales
1620 1195 1692 1243 vna

352 1305 435 1356 cnm
445 1283 539 1353 tosto
550 1291 588 1352 et
598 1281 713 1352 crofto
724 1276 789 1350 srbi
800 1288 838 1350 et
848 1275 1099 1351 successoribus
1109 1278 1180 1352 suis
1190 1284 1444 1373 inperpetuum
1455 1278 1688 1376 assignandis·

354 1395 426 1479 Qui
439 1417 561 1466 curam
575 1394 776 1465 animarum
793 1392 1089 1485 parochianorum
1103 1393 1197 1464 dice
1211 1389 1361 1465 ecclesie
1376 1403 1479 1488 geret
1492 1403 1530 1464 et
1544 1396 1692 1466 habebit

353 1531 395 1579 ac
412 1502 622 1578 successores
638 1502 692 1574 sui
709 1513 838 1598 gerent
855 1514 894 1574 et
910 1503 1097 1576 habebunt
1114 1515 1223 1596 atque
1241 1506 1279 1574 in
1297 1505 1424 1576 eadem
1442 1502 1592 1579 ecclesia
1607 1505 1692 1578 resr-

354 1621 515 1691 dentiam
527 1619 637 1690 faciet
653 1626 691 1688 et
707 1618 842 1688 facient
858 1613 1104 1708 personalem·
1118 1618 1234 1687 ditius
1248 1617 1635 1690 dominusWillelmus
1652 1629 1691 1691 et

353 1729 407 1802 sui
424 1726 633 1803 successores
650 1724 877 1799 sustinebunt
893 1730 1015 1800 omnia
1031 1727 1102 1800 alia
1118 1751 1228 1799 onera
1244 1729 1424 1800 ordinaria
1440 1739 1478 1800 et
1495 1733 1693 1803 extraordi-

354 1844 454 1915 naria
470 1844 563 1913 dice
581 1837 728 1913 ecclesie
746 1840 996 1912 incumbentia
1012 1878 1020 1895 ·
1037 1838 1219 1911 reseruata
1232 1840 1351 1911 eidem
1368 1851 1519 1934 patrono
1537 1852 1575 1914 et
1591 1844 1693 1915 here-

355 1955 459 2025 dibus
475 1951 547 2024 suis
571 1950 838 2048 presentatione
857 1951 951 2022 dieo
976 1951 1158 2045 prebende
1177 1993 1185 2008 ·
1204 1990 1212 2005 ·
1232 1992 1240 2008 ·
1259 1959 1297 2022 et
1320 1954 1424 2024 nobis
1440 1963 1478 2025 et
1495 1952 1694 2027 successori·

353 2067 422 2138 bus
445 2063 573 2137 nostris
590 2062 848 2159 episcopalibus
866 2064 960 2133 dibte
983 2059 1131 2133 ecclesie
1150 2063 1282 2134 debitis
1299 2072 1337 2163 et
1355 2064 1529 2137 debendis
1551 2104 1559 2122 ·
1582 2105 1590 2122 ·
1615 2109 1623 2124 ·
1643 2068 1694 2140 Et

354 2178 583 2249 concedimus
601 2217 609 2233 ·
629 2217 637 2232 ·
655 2214 663 2230 ·
682 2176 778 2268 qnod
799 2175 861 2245 ille
879 2171 1022 2245 mansus
1039 2197 1147 2266 quem
1165 2174 1280 2245 dictus
1298 2176 1465 2247 dominus
1484 2177 1694 2251 Willelmus

354 2292 392 2361 in
411 2291 505 2361 didos
529 2289 681 2360 canonia
706 2283 828 2358 nostra
852 2283 1053 2357 construxit
1077 2327 1085 2341 ·
1175 2288 1268 2357 dicte
1292 2289 1476 2380 prebende
1496 2290 1541 2360 de
1557 2288 1702 2364 Turreff

355 2398 609 2499 [annectatur]
629 2441 637 2457 ·
658 2437 666 2456 ·
685 2439 694 2454 ·
713 2397 772 2469 Ita
784 2407 909 2470 tamen
922 2399 1017 2490 quod
1036 2393 1247 2469 successores
1261 2399 1346 2471 dicti
1364 2401 1500 2471 domini
1514 2401 1695 2475 Willelmi

354 2516 393 2585 in
420 2514 515 2584 dina
543 2512 728 2606 prebenda
751 2534 862 2581 onera
885 2512 923 2580 in
950 2521 1049 2582 carta
1076 2506 1197 2581 nostro
1221 2511 1314 2581 dicto
1340 2512 1487 2584 domino
1505 2513 1695 2587 Willelmo

354 2627 438 2696 inde
456 2625 620 2696 confe&a
640 2618 756 2717 posita
781 2633 819 2694 et
846 2632 1019 2695 contenta
1043 2623 1245 2715 impleant·
1263 2661 1271 2679 ·
1289 2661 1297 2678 ·
1316 2624 1427 2717 Apud
1445 2630 1632 2700 canoniam
1650 2630 1696 2700 de

353 2736 550 2809 Abredone
576 2737 788 2806 duodecimo
815 2736 873 2805 die
896 2731 1026 2806 mensis
1049 2734 1188 2828 Aprilis
1212 2759 1306 2806 anuo
1332 2735 1482 2809 Domini
1506 2737 1695 2812 millesimo

354 2844 705 2943 quadringentesimo
723 2847 936 2918 duodecimo
954 2888 962 2903 ·

357 3180 546 3276 Inquisitio
564 3181 669 3274 super
685 3183 793 3252 tertia
810 3192 912 3275 parte
930 3181 1185 3276 Ledyntnsche
1203 3192 1241 3255 et
1259 3183 1473 3257 Rothmais·

359 3385 558 3500 Inquisitio
584 3405 677 3477 saca
701 3406 795 3499 apud
814 3404 916 3477 Rane
942 3430 1062 3478 coram
1081 3405 1272 3478 Willelmo
1299 3408 1343 3478 de
1364 3408 1536 3502 Cadyhou
1562 3413 1696 3486 ballino

359 3563 366 3578 ·
391 3561 398 3577 ·
422 3556 430 3574 ·
449 3517 606 3590 Gilberti
628 3556 636 3572 ·
661 3558 669 3572 ·
695 3556 703 3573 ·
726 3514 882 3610 episcopi
900 3513 1169 3588 Aberdonensrs
1187 3556 1198 3579 ο
1216 3558 1224 3574 ·
1243 3555 1251 3573 ·
1269 3542 1364 3590 nono
1381 3520 1439 3590 die
1456 3519 1586 3596 menfis
1603 3524 1695 3620 Maij

357 3654 452 3706 anno
477 3668 485 3684 ·
512 3668 520 3686 ·
548 3668 556 3686 ·
581 3624 932 3723 quadringentesimo
957 3630 1224 3700 tertiodecimo
1248 3654 1342 3724 per·
1366 3673 1374 3688 ·
1401 3673 1408 3688 ·
1432 3633 1632 3708 Robertum
1650 3641 1695 3710 de

359 3737 584 3835 Buthergask
601 3781 609 3797 ·
627 3740 834 3811 Johannem
852 3740 953 3811 Rous
971 3782 979 3796 ·
997 3739 1021 3810 J
1024 3741 1204 3813 ohannem
1225 3741 1373 3815 Bisete·
1394 3744 1596 3819 Robertum
1613 3749 1696 3824 Ma·

358 3852 433 3927 lisei
451 3891 459 3909 ·
477 3852 674 3946 Hugonem
692 3853 738 3923 de
755 3851 936 3946 Kyncavil
954 3890 962 3907 ·
980 3851 1199 3926 Duncanum
1217 3857 1262 3927 de
1280 3855 1520 3952 Curquhruny
1538 3860 1697 3935 ·Jol1nn·

359 3988 444 4038 nem
469 3960 634 4034 Murison
658 4003 665 4021 ·
688 3963 894 4035 Johannem
921 3963 1058 4061 Yhnng
1081 4007 1090 4023 ·
1113 3965 1234 4039 Adam
1259 3966 1466 4040 lobannis·
1490 3970 1694 4047 Johannem

359 4071 537 4147 'l’homson
555 4110 563 4128 ·
579 4073 785 4146 Johannem
803 4076 848 4145 de
861 4073 1005 4147 Louask
1022 4117 1030 4134 ·
1048 4077 1074 4148 J
1076 4079 1252 4149 ohannem
1273 4077 1511 4152 Duncsneson
1530 4122 1538 4139 ·
1554 4083 1697 4159 Walte-

360 4210 441 4259 rnm
455 4182 622 4277 Ranyson
636 4224 644 4240 ·
659 4193 697 4257 et
709 4186 915 4259 Johannem
927 4187 1106 4260 Thomson
1124 4192 1168 4261 de
1182 4190 1384 4284 Petblayne
1398 4229 1405 4247 ·
1420 4192 1491 4276 Qui
1510 4236 1518 4251 ·
1537 4233 1545 4250 ·
1562 4234 1570 4251 ·
1588 4200 1695 4271 iurati

361 4301 488 4371 dicunt
517 4296 613 4387 quod
646 4299 825 4388 quondam
855 4301 1065 4373 Willclmus
1096 4303 1140 4372 de
1167 4301 1316 4374 Tulidef
1340 4314 1443 4396 pater
1473 4306 1621 4381 Andree
1650 4313 1695 4383 de

360 4408 508 4483 Tulidef
528 4407 651 4479 latoris
675 4407 895 4501 presentium
913 4416 1003 4506 obijt
1020 4412 1169 4485 vestitus
1186 4424 1225 4485 et
1242 4410 1390 4507 saysrtns
1408 4427 1448 4487 vt
1465 4418 1511 4490 de
1528 4421 1633 4492 feodo
1649 4426 1694 4495 ad

361 4543 487 4617 pacem
513 4528 552 4592 et
576 4518 686 4590 fidem
713 4521 848 4595 domini
875 4521 984 4596 nostri
1009 4528 1102 4620 regis
1122 4528 1167 4599 de
1189 4529 1297 4599 tertia
1322 4538 1424 4622 parte
1449 4539 1624 4605 terrarum
1650 4539 1695 4610 de
