4088 5430
353 633 455 729 xva]
822 631 1227 706 ABERDONENSE.
1627 639 1693 710 371

351 836 496 905 domino
524 832 688 927 episcopo
714 828 954 905 Abirdonenfi
979 856 1044 926 par
1070 830 1259 903 seruitium
1287 833 1406 904 warde
1432 843 1470 904 et
1496 832 1610 925 reliuij
1629 828 1696 901 sol·

351 948 470 1018 nendo
488 949 549 1017 vni
567 946 755 1039 capellano
773 947 899 1018 decem
917 968 1054 1018 marcas
1072 940 1324 1039 sterlingorum
1339 986 1346 1000 ·

951 1224 1073 1296 Baass
1091 1266 1098 1280 ·

646 1393 839 1466 Braffmoir
855 1396 880 1489 ij
897 1405 1015 1467 aratra
1033 1434 1041 1451 ·
1060 1390 1238 1488 graffuma
1254 1395 1311 1486 -vj·
1331 1395 1394 1465 lib·

349 1503 527 1579 affedatur
544 1530 608 1600 pro
626 1508 680 1600 ·vj·
698 1507 761 1577 lib·
780 1509 866 1602 ·xiij·
884 1508 913 1577 §-
933 1507 1007 1600 iiij·
1026 1503 1061 1578 d·
1088 1507 1127 1576 in
1145 1529 1239 1577 anno
1258 1545 1266 1562 ·
1286 1529 1357 1578 vna
1373 1515 1490 1579 marta
1507 1507 1553 1599 ij·
1571 1516 1690 1576 muto-

350 1619 456 1689 nibus
481 1621 526 1713 ·ij·
551 1622 650 1691 aucis
676 1616 710 1715 1·
729 1620 765 1689 b-
784 1619 992 1691 vittualium
1019 1619 1051 1711 ·j·
1078 1619 1113 1688 11
1145 1641 1343 1689 auenarum
1368 1643 1452 1691 eum
1477 1618 1609 1711 pabulo
1636 1619 1690 1710 ·vj·

349 1730 492 1823 gallinis
519 1742 558 1802 et
585 1732 644 1823 iij·
670 1734 699 1803 ἔ.
727 1732 799 1824 iiij·
826 1728 860 1801 d·
886 1754 950 1824 pro
977 1732 1155 1826 bondagio
1182 1741 1220 1801 et
1246 1728 1403 1825 seruicijs
1433 1732 1489 1823 ·vj·
1522 1731 1691 1802 oneribus

350 1842 530 1937 lignorum
548 1867 613 1937 pro
631 1847 738 1938 igne·
1326 1838 1329 1842 “

648 1954 838 2026 Willelmo
856 1952 951 2026 Rosa
1052 2009 1060 2025 .
1162 1957 1233 2049 xvj·
1252 1956 1394 2027 bouate.

664 2176 840 2274 Brassbeg
856 2180 880 2272 ij
899 2188 1042 2250 aratra·
1061 2176 1238 2273 greffuma
1256 2203 1299 2245 ·v·
1320 2180 1381 2250 lit

350 2289 529 2364 aisedatur
538 2315 602 2385 pro
615 2314 658 2360 ·v·
674 2291 736 2362 lib·
755 2292 811 2384 ·vj·
829 2292 858 2362 ἔ·
874 2291 958 2384 ·viij·
972 2287 1008 2361 d·
1027 2291 1065 2360 in
1078 2314 1173 2361 anno
1189 2334 1196 2349 ·
1212 2293 1466 2385 111111111111·
1482 2292 1691 2363 mutonibus

350 2405 434 2495 11·
455 2400 988 2498 11111111111111111111111111
1015 2425 1098 2472 cum
1123 2403 1257 2495 pabulo
1275 2404 1320 2494 ·ij·
1340 2407 1438 2475 aucis
1464 2402 1526 2475 sex
1548 2404 1691 2498 gallinis

350 2539 434 2587 cum
445 2514 603 2608 seruicijs
614 2526 653 2587 et
667 2517 727 2608 ·iij·
742 2516 856 2608 11111·
871 2512 906 2585 d·
919 2538 984 2608 pro
996 2514 1174 2609 bondagio
1188 2524 1227 2586 et
1240 2516 1295 2607 ·vj·
1310 2516 1479 2587 oneribus
1493 2515 1690 2610 lignorum·

671 2627 832 2700 Johanni
850 2627 1018 2720 Valenoy
1117 2663 1125 2680 ·
1227 2628 1300 2720 viij·
1317 2628 1352 2697 11

678 2739 857 2811 Duncano
876 2738 1027 2833 Robertj
1120 2778 1128 2795 ·
1229 2740 1291 2831 iiij.
1310 2741 1346 2810 t·

673 2851 699 2922 J
701 2853 835 2923 ohanni
852 2849 947 2923 Rose
1121 2890 1129 2906 ·
1229 2853 1292 2943 iiij·
1311 2853 1345 2922 11

436 3077 723 3170 Drumneoquhy
741 3079 777 3170 iij
796 3084 915 3149 aratra
933 3115 941 3131 ·
959 3070 1137 3170 graffuma
1154 3077 1210 3168 ·vj·
1230 3074 1290 3145 lit
1311 3077 1397 3167 aiij.
1415 3077 1445 3145 ἔ·
1464 3077 1536 3168 iiij·
1554 3073 1590 3146 d·

352 3189 529 3263 affedatur
546 3213 609 3282 pro
621 3190 702 3281 ·viij·
721 3189 783 3259 lib·
803 3189 888 3280 11111·
903 3191 932 3260 ἔ·
949 3189 1023 3281 iiij·
1042 3184 1077 3257 d·
1096 3187 1133 3258 in
1147 3212 1242 3258 anno
1260 3228 1268 3244 ·
1283 3210 1354 3257 vna
1370 3195 1487 3257 marta
1499 3188 1558 3280 iij·
1573 3199 1693 3260 muto-

351 3305 456 3376 nibus
475 3304 507 3395 ·j·
525 3301 561 3373 b·
580 3301 790 3372 vittualium
814 3302 871 3392 -vj·
897 3301 939 3370 f⁴·
967 3322 1163 3371 auenarum
1189 3321 1272 3371 cum
1298 3298 1430 3392 pabulo
1448 3299 1505 3390 iij·
1522 3301 1619 3370 aucis
1636 3304 1691 3393 ·vj·

351 3416 495 3510 gallinis
506 3425 545 3485 et
556 3437 598 3483 ·v·
610 3416 639 3485 ἔ·
654 3436 719 3506 pro
731 3413 910 3507 bondagio
924 3433 1006 3482 eum
1021 3407 1179 3503 seruieijs
1192 3421 1231 3481 et
1245 3412 1303 3480 ix·
1317 3411 1484 3481 oneribus
1495 3409 1690 3505 lignorum·

698 3521 948 3597 ThomeRose
1098 3563 1106 3578 ·
1209 3522 1335 3613 111111·

702 3636 914 3707 Alexandro
932 3633 1026 3706 Rose
1094 3676 1102 3690 ·
1206 3637 1277 3726 viij·
1294 3630 1331 3703 b·

697 3747 836 3818 Thome
854 3744 948 3817 Rosa
966 3745 1132 3818 Wilsone
1208 3747 1280 3837 viij·
1299 3745 1334 3814 b·

352 3865 429 3934 Sub
440 3864 650 3934 condicione
667 3860 822 3932 debona
838 3859 995 3930 inuicem
1013 3858 1187 3930 seruanda
1203 3858 1438 3950 proximitate
1456 3867 1494 3928 et
1506 3859 1692 3933 vicinitate

352 3977 439 4047 alias
458 3972 624 4047 censetur
639 3967 813 4043 affedacio
831 3966 898 4041 ista
914 3973 1033 4042 vacari
1051 3979 1206 4042 extunc·

761 4193 971 4265 Derachous
987 4188 1165 4288 graffuma
1182 4215 1229 4262 ·x·
1247 4196 1275 4265 ἔ·

354 4309 531 4384 affedatur
549 4334 614 4403 pro
632 4332 677 4379 ·x·
694 4310 722 4379 5·
739 4309 778 4377 in
796 4329 914 4377 anno·

795 4417 821 4488 J
822 4418 955 4489 ohauni
974 4416 1230 4490 Strathachin·
