4088 5430
343 619 415 684 304
859 597 1165 673 REGISTRUM
1527 600 1687 696 [secem

345 808 511 880 manibus
526 846 536 861 ·
555 846 564 860 ·
583 845 591 860 ·
611 802 761 873 Henrici
780 802 825 871 de
843 800 979 871 Forbee
996 801 1100 870 vuius
1115 798 1333 870 balliuorum
1357 800 1516 892 predide
1532 799 1621 870 ville
1638 800 1689 871 de

346 918 516 991 Kentor·
535 958 544 973 ·
563 957 572 971 ·
591 911 810 1008 resrgnauit·
829 953 838 968 ·
856 953 865 969 ·
886 912 931 982 In
947 915 1050 984 cuius
1075 913 1127 982 rei
1153 907 1401 982 testimonium
1422 913 1507 1003 qnia
1527 907 1689 1006 {igilium

345 1030 527 1123 proprium
548 1049 621 1097 non
637 1024 746 1096 habui
767 1020 948 1119 sigillum·
967 1065 976 1081 ·
994 1066 1004 1082 ·
1023 1022 1168 1097 Rioardi
1186 1024 1232 1093 de
1249 1022 1395 1095 Kentor
1417 1024 1503 1094 huic
1527 1022 1689 1117 presenti

346 1150 446 1212 omne
462 1162 543 1210 mee
560 1180 568 1195 ·
587 1179 596 1195 ·
614 1178 624 1194 ·
642 1138 772 1230 apponi
798 1137 987 1228 procuraui
1004 1174 1013 1190 ·
1030 1145 1068 1206 et
1085 1137 1169 1227 quia
1185 1135 1270 1205 Ada
1285 1145 1403 1206 mater
1427 1159 1510 1207 mea
1532 1159 1598 1228 pro
1620 1134 1691 1207 suo

347 1249 517 1324 consensu
535 1292 543 1307 ·
562 1293 571 1307 ·
590 1291 599 1306 ·
617 1245 771 1344 figiilum
799 1249 980 1341 proprium
1004 1270 1077 1317 non
1093 1246 1221 1317 habuit
1238 1241 1393 1340 figillum
1412 1288 1420 1303 ·
1439 1288 1448 1302 ·
1467 1288 1476 1304 ·
1495 1248 1616 1318 fratris
1632 1245 1689 1318 sui

348 1364 497 1435 Andree
514 1362 617 1434 Rede
634 1362 680 1432 de
696 1359 905 1430 Batfathale
921 1356 1146 1452 presentibus
1163 1400 1171 1415 ·
1190 1399 1199 1415 ·
1218 1399 1227 1414 ·
1246 1360 1378 1452 apponi
1394 1361 1628 1451 procurauit·
1647 1401 1657 1417 ·
1676 1400 1687 1417 ·

348 1475 458 1569 Apud
472 1516 480 1530 ·
495 1515 504 1530 ·
518 1516 528 1531 ·
540 1473 712 1545 Aberden
726 1472 816 1564 xxxj
826 1469 851 1541 J
853 1470 916 1562 ulij
927 1491 1023 1539 anno
1034 1468 1181 1539 Domini
1195 1488 1439 1541 u.cccc.1.x1x
1452 1512 1461 1526 ·
1476 1511 1485 1527 ·
1500 1468 1691 1542 ·Testibns

349 1587 394 1657 dc
411 1587 662 1679 procuratione
679 1578 784 1678 figilli
802 1583 886 1653 diui
905 1581 1049 1653 Ricardi
1067 1581 1113 1651 de
1126 1580 1272 1674 Kyntor
1289 1621 1297 1637 ·
1316 1581 1528 1653 Alexandro
1543 1583 1689 1655 Traile·

350 1698 501 1770 Valtero
527 1694 734 1790 Blyndseile
752 1735 760 1751 ·
779 1705 818 1766 et
841 1693 1009 1764 Johunnc
1034 1693 1169 1765 Catnes
1190 1735 1198 1750 ·
1223 1704 1262 1764 et
1287 1715 1350 1785 pro
1376 1689 1489 1767 safrna
1512 1696 1599 1766 data
1622 1719 1691 1790 per

349 1811 483 1880 dicium
509 1808 711 1880 Henricum
730 1847 738 1862 ·
759 1801 929 1900 Ferguiio
955 1802 1123 1875 Philsone
1146 1846 1154 1861 ·
1176 1803 1352 1876 Vilielmo
1375 1805 1473 1878 Abel
1490 1847 1498 1863 ·
1515 1805 1691 1880 Johanne

352 1920 514 1993 Villelmi
533 1963 541 1978 ·
559 1920 729 1991 Johanue
746 1916 868 1988 Smert
886 1958 894 1973 ·
913 1926 951 1988 et
967 1916 1135 1988 Johanne
1153 1915 1307 2009 Kynner
1324 1914 1542 2012 sergeando·

349 2260 459 2329 Carta
477 2255 659 2327 Wiilelmi
677 2254 722 2325 de
739 2252 891 2325 Camere
908 2252 1013 2346 super
1029 2253 1156 2324 eodem
1175 2294 1182 2308 ·

351 2459 553 2555 Viilclmue
579 2481 624 2550 dc
650 2478 802 2549 Camere
827 2479 872 2548 de
897 2477 1098 2571 Balnacrag
1122 2487 1320 2549 executor·
1340 2519 1348 2534 ·
1368 2519 1377 2534 ·
1398 2480 1578 2571 quondam
1605 2522 1613 2537 ·
1642 2523 1651 2538 ·
1679 2524 1689 2539 ·

350 2590 508 2689 magistri
527 2591 671 2666 Valteri
689 2589 809 2683 Ydyle
835 2589 1063 2661 eccleliarum
1088 2588 1338 2662 Brechinenfis
1363 2601 1401 2663 et
1419 2590 1691 2667 Aberdonenfie

350 2706 511 2779 canonici
533 2729 575 2776 ac
592 2702 816 2796 prebendarij
836 2703 880 2773 de
898 2701 1012 2773 Deir·
1032 2742 1040 2757 ·
1060 2743 1069 2759 ·
1088 2700 1220 2774 Sciatis
1245 2726 1304 2775 me
1330 2705 1475 2775 nomine
1492 2727 1563 2796 quo
1580 2704 1691 2799 snpra

351 2842 414 2912 pro
431 2815 544 2889 salute
568 2817 688 2887 anime
705 2814 789 2885 diei
808 2855 815 2871 ·
836 2853 845 2871 ·
863 2854 871 2870 ·
891 2813 1034 2885 Valteri
1051 2839 1092 2886 ac
1111 2825 1301 2908 parentum
1326 2813 1470 2886 suorum
1494 2817 1690 2912 animeque

351 2952 432 3001 mcc
448 2967 456 2983 ·
474 2966 483 2984 ·
500 2967 508 2982 ·
527 2922 684 2999 dediise·
705 2965 713 2981 ·
731 2966 740 2982 ·
760 2924 840 2996 Deo
865 2934 904 2996 et
929 2926 1035 2997 beate
1054 2925 1173 2996 Morie
1198 2966 1207 2983 ·
1233 2966 1242 2982 ·
1266 2967 1275 2985 ·
1303 2937 1342 2998 et
1366 2927 1561 3021 capellanie
1586 2930 1688 3002 chori

350 3036 498 3113 ecclesie
515 3077 524 3095 ·
540 3077 548 3093 ·
566 3077 575 3094 ·
593 3060 753 3110 annuum
770 3037 952 3108 redditum
968 3075 977 3093 ·
994 3076 1003 3092 ·
1019 3074 1028 3092 ·
1046 3060 1096 3107 xx
1110 3035 1171 3107 sol.
1186 3076 1193 3092 ·
1207 3075 1216 3093 ·
1229 3076 1237 3092 ·
1251 3049 1447 3109 exeuntem
1462 3041 1506 3110 de
1524 3080 1532 3096 ·
1551 3080 1560 3095 ·
1580 3081 1589 3097 ·
1607 3064 1691 3134 per-

350 3155 471 3226 ticatie
488 3161 583 3222 terre
599 3188 608 3206 ·
625 3188 634 3206 ·
650 3186 659 3204 ·
677 3150 879 3221 iacentibus
897 3149 989 3220 infra
1006 3150 1226 3220 territorium
1245 3149 1290 3220 de
1307 3148 1453 3221 Kentor
1479 3150 1568 3246 [per
1584 3162 1690 3224 roccos

349 3265 508 3362 utsupra
525 3260 555 3355 ·]
583 3260 807 3334 celebrando
833 3260 917 3332 inde
939 3300 947 3316 ·
973 3299 981 3315 ·
1007 3298 1016 3316 ·
1038 3284 1145 3331 vnum
1170 3256 1305 3333 missam
1332 3262 1461 3332 didam
1487 3260 1690 3356 septimana

350 3376 520 3450 videlicet
537 3374 639 3446 sexta
655 3374 743 3444 feria
759 3374 797 3443 in
814 3372 952 3465 capella
977 3373 1074 3444 beuti
1094 3372 1245 3444 Niniani
1270 3371 1473 3445 confessoris
1490 3398 1554 3468 pro
1571 3372 1689 3448 salute

350 3493 549 3564 animarum
568 3487 653 3558 diei
679 3481 837 3580 magistri
856 3484 999 3558 Valteri
1025 3494 1063 3557 et
1088 3494 1279 3578 parentum
1296 3481 1439 3555 suorum
1457 3526 1465 3542 ·
1485 3526 1493 3542 ·
1513 3525 1522 3543 ·
1540 3481 1688 3582 fingulie

350 3601 557 3676 ebdomadis
568 3636 577 3654 ·
590 3637 599 3655 ·
611 3636 620 3654 ·
631 3596 742 3691 Apud
756 3596 901 3668 Kentor
910 3621 961 3668 xx
971 3597 996 3668 J
998 3596 1060 3691 ulij
1073 3619 1167 3668 anno
1179 3595 1326 3667 Domini
1340 3617 1637 3670 mccccnxxrn·
1652 3641 1660 3655 ·
1675 3643 1686 3659 ·

351 3711 582 3785 Prei'eutibue
599 3709 719 3781 Dauid
742 3710 786 3780 de
803 3707 956 3781 Camera
972 3749 980 3765 ·
999 3706 1137 3780 Thema
1159 3705 1320 3779 Morison
1338 3746 1346 3765 ·
1362 3708 1531 3782 Johanne
1548 3710 1658 3783 Clerk
1677 3753 1687 3770 ·

351 3838 388 3896 ct
406 3824 572 3894 iohanne
589 3820 755 3894 Sowter·

352 4155 635 4231 instrumentum
651 4151 763 4229 saiine
780 4157 900 4250 vicarij
919 4155 964 4228 de
978 4153 1141 4250 Longley
1158 4152 1261 4249 super
1278 4151 1426 4228 diuersis
1441 4157 1641 4231 redditibus
1658 4200 1668 4217 ·

352 4358 405 4459 lu
418 4381 488 4453 Dei
502 4380 648 4453 nomine
658 4379 780 4452 Amen
793 4421 802 4437 ·
817 4421 826 4438 ·
841 4420 850 4437 ·
865 4378 1018 4453 Pateat·
1034 4421 1042 4436 ·
1058 4419 1067 4436 ·
1082 4378 1177 4472 quod
1191 4401 1286 4451 anno
1297 4377 1445 4450 Domini
1459 4400 1686 4455 nuceum

349 4537 356 4555 ·
385 4536 393 4555 ·
421 4535 429 4552 ·
458 4490 625 4567 Odobrie
649 4491 709 4565 die
735 4493 856 4586 xviij·
884 4533 892 4551 ·
920 4533 929 4551 ·
957 4490 1174 4565 honorabilis
1191 4491 1246 4562 vir
1263 4488 1460 4564 Villelmue
1477 4490 1686 4567 Blinscheili
