4088 5430
355 604 400 677 78
872 591 1176 668 REGISTRUM
1541 591 1691 686 [secum

354 806 461 867 tenus
491 795 617 866 extitit
651 789 892 864 ministratum
922 832 930 848 ·
960 790 1039 862 Nos
1072 792 1183 885 igitur
1211 790 1443 862 attendentes
1477 791 1571 884 quod
1605 791 1692 863 licet

355 909 489 978 fruetus
515 915 553 978 et
579 905 816 976 obuentiones
841 898 1068 975 ecclesiastici
1094 902 1258 996 beneficij
1283 902 1389 974 vtiles
1414 898 1483 974 smt
1508 905 1553 977 ad
1579 906 1692 996 perei-

354 1020 525 1113 piendum
559 1019 678 1113 grauis
713 1025 834 1088 tamen
870 1014 1062 1086 difficultas
1095 1011 1164 1086 else
1199 1012 1395 1087 dinoscitur
1427 1017 1585 1088 maxime
1619 1039 1691 1088 non

353 1127 521 1202 residenti
549 1132 594 1201 de
622 1152 708 1201 eura
733 1131 932 1200 animarum
962 1127 1110 1200 reddere
1135 1128 1311 1198 rationem
1338 1125 1523 1220 presertim
1549 1130 1587 1198 in
1612 1127 1690 1199 loeo

355 1244 414 1314 vbi
442 1243 574 1314 cotidie
601 1251 704 1313 tanta
729 1235 859 1312 resrdet
885 1249 922 1310 et
948 1239 1097 1310 confluit
1125 1240 1321 1312 multitudo
1338 1279 1345 1296 ·
1364 1239 1510 1312 audiere
1533 1240 1690 1312 Domino

355 1356 560 1426 ordinamus
590 1355 635 1424 de
665 1363 786 1424 cetero
816 1363 853 1423 et
887 1353 1082 1423 accedente
1112 1354 1157 1425 ad
1192 1354 1258 1423 boc
1289 1350 1459 1425 consensu
1489 1364 1528 1425 et
1557 1348 1690 1426 assensu

355 1467 467 1538 totius
484 1465 632 1560 capituli
658 1461 768 1537 nostri
792 1465 1006 1536 auctoritate
1031 1464 1209 1536 ordinaria
1231 1465 1483 1537 confirmamus
1501 1474 1540 1535 vt
1558 1467 1594 1536 in
1612 1489 1691 1559 pre-

355 1580 450 1650 diua
476 1574 625 1650 ecclesra
648 1574 798 1648 resideat
816 1576 968 1648 vicarius
994 1585 1190 1669 perpetuus
1214 1579 1274 1669 qui
1299 1579 1424 1649 decem
1448 1600 1585 1650 marcas
1606 1573 1691 1649 ster-

355 1692 532 1786 lingorum
559 1691 733 1783 percipiat
760 1698 902 1760 tantum
929 1691 1114 1759 annuatim
1132 1691 1177 1759 ad
1195 1691 1369 1760 terminos
1394 1689 1524 1761 natalis
1542 1689 1690 1760 Domini

355 1813 392 1874 et
423 1804 519 1875 beati
546 1801 697 1874 Joanuis
725 1796 887 1895 Baptiste
918 1823 982 1892 per
1008 1799 1153 1891 equales
1188 1803 1404 1892 portiones·
1432 1801 1476 1872 In
1505 1803 1606 1872 cuius
1638 1805 1690 1872 rei

354 1912 598 1986 testimonium
612 1909 767 2007 sigillum
785 1908 944 1982 nostrum
962 1914 1188 1983 autenticum
1202 1935 1271 1984 vna
1284 1937 1366 1986 cum
1381 1909 1494 2007 srgillo
1508 1915 1690 1985 communi

354 2026 501 2120 capituli
520 2024 629 2096 nostri
655 2025 802 2118 predidd
829 2022 1052 2116 presentibus
1070 2021 1122 2095 est
1140 2024 1334 2118 appensum
1352 2028 1389 2096 in
1407 2022 1556 2098 eeclesia
1572 2023 1692 2097 nostra

354 2137 550 2210 cathedrali
568 2138 613 2208 de
631 2135 802 2208 Aberden
821 2137 959 2207 decimo
978 2134 1128 2229 septimo
1143 2137 1200 2207 die
1218 2135 1348 2209 mensis
1360 2139 1579 2210 Nouembris
1596 2163 1691 2210 anuo

355 2248 502 2321 Domini
519 2243 708 2320 millesimo
725 2242 976 2319 trecentesimo
995 2244 1261 2344 quadragesrmo
1279 2252 1406 2341 quinto
1425 2291 1432 2306 ·

354 2585 572 2658 Mandatum
615 2583 766 2679 episcopi
810 2581 1075 2656 Aberdonensrs
1113 2586 1158 2656 ad
1202 2584 1461 2659 instituendum
1505 2590 1689 2659 dominum

352 2696 555 2771 Jobannem
574 2697 681 2792 Ryny
697 2699 734 2767 in
753 2698 883 2769 vicaria
900 2698 945 2768 de
964 2696 1161 2768 Aberden·

352 2898 576 2994 Willelmus
610 2917 835 3014 permissione
869 2922 993 2992 diuina
1026 2921 1210 3015 episcopus
1239 2921 1506 2995 Aberdonensrs
1543 2924 1689 2998 Decano

353 3032 622 3108 christianitatis
640 3034 685 3104 de
702 3032 874 3103 Aberden
892 3029 1043 3103 salutem
1062 3057 1144 3104 cunr
1163 3035 1412 3107 benedittione
1431 3038 1576 3110 diuina·
1595 3039 1690 3123 Quia

354 3149 520 3218 vicariam
555 3144 764 3238 parochialis
799 3141 947 3215 eeclesre
977 3147 1021 3216 de
1052 3145 1223 3218 Aberden
1259 3172 1322 3240 per
1351 3172 1415 3219 nos
1446 3152 1490 3220 de
1520 3149 1689 3223 consensu

353 3258 500 3352 capituli
527 3254 635 3327 nostri
654 3258 698 3327 de
716 3280 810 3327 nouo
834 3269 991 3328 creatam
1010 3259 1054 3328 ad
1074 3256 1301 3350 nostramque
1327 3260 1555 3333 collationem
1581 3264 1689 3358 pleno

353 3375 429 3444 iure
446 3369 666 3466 spectantem
685 3367 837 3440 discreto
851 3371 927 3438 viro
940 3370 1085 3440 domino
1098 3368 1122 3441 J
1125 3372 1255 3442 ohanni
1274 3369 1370 3444 dieto
1385 3372 1491 3466 Ryny
1504 3375 1689 3467 capellano

352 3486 487 3555 intuitu
506 3481 724 3553 contulimus
741 3482 900 3552 caritatis
917 3505 959 3552 ac
977 3504 1041 3573 per
1058 3481 1229 3553 annulum
1251 3483 1409 3555 nostrum
1434 3483 1547 3577 ipsum
1573 3487 1689 3558 inues-

353 3598 500 3666 tiuimus
524 3590 784 3687 presentialiter
801 3593 846 3662 de
864 3593 988 3662 eadem
1007 3595 1219 3666 mandamus
1237 3597 1337 3666 vobis
1353 3597 1504 3667 firmiter
1521 3611 1558 3668 et
1576 3603 1689 3692 preci-

352 3709 469 3799 pimus
499 3707 668 3799 quatinus
696 3705 829 3773 diuum
861 3704 1045 3774 dominum
1072 3705 1275 3777 Johannem
1302 3709 1338 3778 in
1365 3709 1496 3780 didam
1521 3712 1685 3781 vicariam

321 3878 327 3907 ,
352 3815 546 3889 instituatis
564 3819 654 3887 etin
673 3814 893 3908 corporalem
920 3811 1162 3907 possessionem
1181 3816 1338 3890 eiusdem
1357 3845 1440 3890 eum
1461 3824 1688 3914 pertinentiis

351 3929 528 3999 induentis
552 3939 588 3998 et
607 3928 809 3999 defendatis
835 3927 1018 3997 indudtum
1047 3930 1324 4002 contradittores
1349 3942 1387 4002 et
1412 3933 1565 4004 rebelles
1583 3931 1607 4003 sr
1626 3939 1686 4027 qui

350 4043 484 4111 fuerint
514 4065 576 4134 per
602 4039 842 4109 omnimodam
874 4037 1058 4110 censuram
1085 4036 1357 4113 ecclesiasticam
1384 4046 1499 4114 arcius
1530 4045 1687 4138 compes-

350 4152 463 4223 cendo
482 4192 489 4208 ·
509 4152 553 4222 In
579 4150 716 4244 lignum
739 4173 823 4222 vero
849 4150 954 4221 buius
980 4147 1215 4223 institutionis
1241 4155 1444 4246 traditeque
1471 4151 1533 4226 srbi
1560 4154 1687 4250 posses·

348 4261 454 4334 fiunis
474 4262 625 4356 tigillum
651 4263 755 4355 offieij
776 4258 881 4333 vestri
906 4264 1010 4336 iuxta
1035 4262 1193 4335 nostrum
1222 4263 1445 4357 presentibus
1470 4270 1684 4360 apponatis·

349 4377 484 4449 Datum
504 4374 567 4445 sub
585 4368 697 4467 srgillo
724 4371 842 4443 nostro
860 4376 953 4469 apud
973 4377 1160 4448 canoniam
1180 4377 1224 4446 de
1242 4375 1413 4447 Aberden
1433 4379 1685 4451 decimonono

347 4490 404 4558 ‹lie
430 4482 560 4557 mensrs
579 4484 797 4556 Nouembris
823 4509 917 4557 anno
937 4486 1085 4558 Domini
1111 4484 1298 4560 millefimo
1326 4487 1576 4562 trecentesrmo
1600 4517 1686 4584 qna-

347 4594 543 4692 ‹lmgefimo
561 4597 687 4689 quinto
707 4635 714 4650 ·
