4088 5430
406 634 478 705 274
924 625 1228 700 REGISTRUM
1595 629 1751 722 [sucum

406 865 414 881 ·
441 866 450 881 ·
478 866 486 881 ·
513 821 681 920 magistro
710 825 867 897 Johanni
902 825 986 897 Olat
1013 829 1184 898 canonico
1212 824 1462 898 Aberdonenfi
1492 866 1501 884 ·
1528 823 1748 898 ··sas1nam

406 936 534 1028 prefati
560 939 670 1007 annui
696 938 856 1009 redditus
874 977 882 995 ·
900 978 909 994 ·
927 976 935 993 ·
955 937 1066 1030 Apud
1083 939 1257 1009 Aberdon
1284 941 1323 1010 ix
1350 940 1408 1010 die
1431 934 1561 1010 menfis
1580 937 1748 1010 Odtobris

406 1071 500 1118 anuo
530 1047 679 1119 Domini
713 1069 928 1120 mccccmlr
958 1088 966 1105 ·
994 1046 1159 1122 Testibus
1193 1051 1328 1122 ibidem
1364 1051 1629 1122 venerabilibus
1663 1052 1749 1120 viris

407 1160 560 1230 dominis
574 1170 611 1230 et
629 1157 804 1256 magistris
816 1160 966 1233 Andrea
979 1161 1065 1255 Fyff
1075 1164 1247 1234 canonico
1260 1161 1510 1234 Aberdonensr
1525 1204 1533 1218 ·
1551 1163 1748 1234 Laurentio

407 1268 574 1343 Duucani
592 1274 722 1344 vicario
740 1274 785 1344 de
804 1273 987 1368 Longley·
1005 1273 1154 1346 Andrea
1172 1274 1341 1346 Nicholai
1361 1277 1492 1346 vicario
1512 1275 1557 1346 de
1575 1274 1746 1367 Bathyn-

346 1412 358 1441 ο
407 1394 445 1454 et
464 1383 620 1455 Patricio
638 1385 852 1456 Meldrum·

407 1718 644 1791 Confirmacio
662 1720 818 1792 Walteri
837 1719 970 1815 Ogilvy
987 1723 1205 1791 venditionis
1222 1718 1380 1792 eiusdem
1398 1722 1585 1792 redditus·

406 1914 592 2017 Valerus
618 1942 750 2039 ognvy
776 1945 821 2013 ne
847 1942 1049 2015 Dosszfurde
1074 1944 1204 2016 mnes·
1226 1984 1234 1999 ·
1256 1983 1263 1999 ·
1288 1945 1420 2018 scians
1446 1969 1505 2016 me
1530 1943 1661 2017 nerine
1680 1986 1688 2002 ·
1709 1987 1746 2002 ·.

406 2054 577 2129 assensum
595 2057 796 2127 venditioni
822 2058 911 2127 certi
937 2058 1047 2126 annui
1073 2058 1235 2128 redditus
1260 2054 1323 2129 sex
1348 2081 1548 2129 marcarum
1573 2059 1618 2129 de
1641 2061 1748 2130 terris

405 2170 496 2240 meis
522 2169 567 2239 de
590 2168 807 2262 Anchlenyn
827 2210 834 2225 ·
855 2209 863 2224 ·
884 2209 892 2224 ·
911 2192 999 2260 per·
1021 2206 1029 2222 ·
1052 2167 1320 2240 ·Laureucium
1347 2169 1431 2239 Piot
1457 2170 1748 2241 archidiaconum

407 2277 554 2352 ecclesie
568 2275 835 2350 Aberdonensrs
854 2321 861 2335 ·
880 2318 888 2334 ·
907 2319 914 2333 ·
932 2279 1090 2351 Johanni
1109 2280 1193 2351 Clat
1210 2282 1382 2352 canonico
1402 2282 1495 2352 diste
1513 2278 1661 2352 ecclesie
1680 2322 1687 2337 ·
1708 2325 1716 2338 ·
1737 2325 1745 2338 ·

406 2393 607 2485 dictamque
633 2392 905 2462 venditionem·
923 2430 931 2445 ·
948 2430 956 2446 ·
974 2389 1160 2463 ratificasse
1177 2432 1185 2447 ·
1203 2432 1211 2447 ·
1229 2433 1236 2448 ·
1256 2393 1365 2486 Apud
1393 2393 1557 2486 Finiatyr
1582 2397 1670 2465 xxiv
1688 2395 1748 2464 die

405 2500 536 2574 mensis
554 2502 722 2575 Odtobris
739 2526 833 2574 anno
853 2501 1000 2573 Domini
1019 2525 1235 2576 moccenrn
1256 2547 1263 2561 ·

407 2833 692 2908 Instrumentum
710 2833 820 2906 safine
838 2835 942 2929 snper
960 2837 1087 2907 eodem
1107 2878 1114 2893 ·

409 3039 462 3135 In
481 3061 550 3133 Dei
569 3063 714 3130 nomine
732 3057 854 3128 Amen
872 3096 880 3112 ·
898 3095 906 3112 ·
925 3096 932 3112 ·
951 3058 1100 3130 Ouns'cis
1118 3070 1242 3152 pateat
1261 3101 1269 3116 ·
1289 3102 1296 3116 ·
1317 3102 1324 3116 ·
1344 3063 1438 3153 qnod
1466 3085 1559 3133 auno
1585 3066 1748 3138 incarna-

406 3178 514 3248 tionis
541 3174 719 3244 dominice
745 3191 956 3242 mcccomv
974 3167 1104 3242 mensis
1122 3195 1205 3242 vero
1232 3173 1323 3265 Maij
1343 3175 1401 3244 die
1427 3175 1464 3265 iij
1483 3213 1491 3230 ·
1509 3213 1516 3229 ·
1533 3213 1542 3230 ·
1560 3175 1747 3251 Johannes

407 3284 594 3382 Lyndesay
611 3283 767 3355 balliuus
792 3282 923 3352 nobilis
949 3283 1084 3352 domini
1104 3282 1246 3354 Valteri
1266 3285 1310 3355 de
1328 3283 1461 3378 Ogilvy
1479 3288 1523 3357 de
1542 3285 1746 3360 Deikfnrde

406 3399 532 3471 militis
549 3397 594 3468 ad
612 3394 835 3488 infrascripta
852 3390 1052 3487 specialiter
1069 3396 1263 3489 deputatus
1281 3393 1429 3467 safinam
1449 3438 1456 3453 ·
1477 3438 1484 3453 ·
1505 3439 1512 3454 ·
1532 3398 1591 3469 sex
1610 3423 1746 3473 marca-

406 3535 486 3582 rum
504 3509 613 3581 annui
630 3508 792 3578 redditus
816 3516 991 3576 terrarum
1011 3507 1056 3576 de
1073 3507 1300 3600 Auchlewyn
1319 3549 1327 3564 ·
1346 3549 1354 3564 ·
1375 3548 1383 3564 ·
1400 3507 1568 3602 magistro
1586 3510 1610 3581 J
1612 3512 1744 3583 ohanni

406 3626 450 3695 de
476 3622 561 3694 Olat
586 3620 761 3691 tradidit·
787 3657 796 3674 ·
820 3627 884 3688 ·et
911 3620 947 3688 in
974 3615 1113 3713 signum
1140 3642 1224 3689 vere
1248 3615 1464 3712 poisoffionis
1490 3620 1563 3714 ipse
1589 3623 1745 3694 ballinus

404 3736 583 3830 prefatum
618 3729 824 3826 magistrum
855 3730 1057 3801 Johannem
1090 3734 1126 3800 in
1158 3732 1263 3800 domo
1298 3732 1537 3825 principaliori
1568 3736 1744 3806 didtarum

405 3860 580 3919 terrarum
606 3867 671 3937 per
696 3866 842 3914 manum
869 3843 1014 3912 induxit
1040 3853 1078 3912 et
1103 3852 1243 3936 portam
1269 3841 1374 3936 super
1399 3866 1482 3914 eum
1509 3840 1633 3916 clausrt
1661 3887 1668 3902 ·
1697 3888 1704 3903 ·
1736 3889 1743 3903 ·

404 3920 507 4052 super
524 3957 653 4049 quibus
670 3956 836 4026 omnibus
853 3965 891 4024 et
909 3951 1055 4049 fingulis
1073 3955 1188 4026 didus
1210 3952 1379 4050 magister
1395 3955 1419 4026 J
1421 3956 1579 4027 ohannes
1597 3959 1642 4029 de
1659 3958 1744 4032 elat

406 4112 413 4128 ·
442 4112 449 4127 ·
478 4111 486 4126 ·
513 4069 620 4162 petijt
649 4066 835 4161 pubiicum
864 4063 1143 4137 instrumentum
1170 4105 1177 4120 ·
1203 4105 1211 4120 ·
1238 4105 1245 4120 ·
1268 4065 1362 4137 Asta
1387 4068 1533 4138 fuerunt
1557 4071 1624 4141 hec
1651 4072 1743 4144 infra

405 4182 537 4276 vyllam
554 4180 600 4250 de
613 4178 830 4271 Auchleuyn
847 4215 856 4232 ·
873 4215 881 4233 ·
899 4215 908 4233 ·
925 4175 1149 4271 presentibus
1166 4178 1300 4249 ibidem
1311 4177 1488 4250 Villelmo
1504 4179 1715 4275 Morsynton
1732 4225 1739 4240 ·

402 4294 541 4366 Thema
557 4291 640 4364 Olet
658 4329 666 4344 ·
683 4300 721 4361 et
740 4290 935 4383 Fyndelaio
954 4289 1088 4382 Morffy
1107 4329 1114 4345 ·
