4088 5430
411 625 481 689 152
921 608 1230 684 REGISTRUM
1597 610 1750 706 [ancum

409 817 540 889 necin
569 812 719 884 scientia
748 820 785 882 et
812 807 861 880 sro
888 807 993 881 causa
1020 809 1247 882 alienationis
1276 808 1378 881 nulla
1398 847 1407 864 ·
1429 809 1564 881 Toron
1594 830 1750 881 nannum

410 946 586 1000 nosranu
603 944 690 995 swa
708 942 931 994 nascuntur·
945 923 1094 993 baronia
1110 918 1163 992 est
1180 943 1314 993 nomen
1326 922 1513 1016 dignitatis
1526 931 1564 993 et
1577 923 1750 1015 importat

410 1040 647 1110 indicaturam
664 1046 703 1106 et
719 1031 936 1130 potestatem
953 1031 1268 1105 iurisdiitionalem
1286 1034 1500 1106 ordinariam
1514 1057 1622 1126 qnam
1638 1031 1751 1105 solam

411 1152 626 1245 dignitatem
663 1145 895 1240 temporalem
929 1155 1034 1217 extra
1064 1146 1189 1215 dotem
1221 1141 1371 1217 ecclesie
1404 1141 1590 1240 episcopus
1622 1146 1751 1217 habuit

411 1265 549 1335 ratione
577 1263 678 1332 cuius
705 1259 792 1329 baro
818 1258 912 1351 regis
935 1258 1056 1350 potuit
1083 1258 1281 1350 nuncupari
1304 1293 1312 1312 ·
1335 1256 1382 1328 In
1407 1259 1508 1329 cuius
1534 1256 1752 1328 alienatione

411 1397 543 1468 magna
559 1374 686 1444 debuit
710 1365 812 1441 fuisse
837 1370 1056 1441 examinatio
1074 1379 1113 1440 et
1130 1366 1236 1439 cause
1252 1370 1412 1464 cognitio
1429 1370 1576 1462 quiade
1593 1376 1697 1442 tanta
1712 1392 1751 1439 re

411 1485 553 1581 segnius
571 1509 644 1556 non
662 1480 714 1554 est
731 1482 911 1577 agendum
929 1521 937 1536 ·
955 1481 1011 1575 oijt
1025 1481 1127 1578 quest.
1144 1480 1180 1574 vj.
1198 1504 1270 1576 cap.
1287 1479 1400 1553 odino
1416 1520 1425 1537 ·
1442 1506 1489 1553 ex
1506 1505 1576 1575 quo
1594 1483 1755 1577 arguitur

412 1599 570 1692 grauitas
596 1593 696 1667 istius
712 1594 940 1666 alienationis
962 1604 1000 1665 et
1022 1595 1215 1664 minoratio
1242 1594 1429 1688 dignitatis
1454 1589 1603 1665 ecclesie
1620 1603 1658 1666 et
1674 1616 1754 1687 pre-

414 1710 477 1780 lati
495 1711 556 1801 qui
573 1705 777 1778 huiusmodi
803 1706 1018 1800 dignitatem
1036 1702 1085 1776 fic
1102 1707 1234 1778 abiecit
1251 1728 1360 1797 quam
1381 1707 1535 1778 abiicere
1552 1715 1592 1776 vt
1609 1707 1755 1776 uidetur

413 1844 486 1890 non
512 1820 632 1914 potuit
655 1841 701 1889 ne
719 1814 904 1889 ecclesiam
922 1818 1026 1888 vnica
1042 1814 1105 1888 sua
1122 1817 1301 1911 dignitate
1326 1818 1486 1910 priuaret
1502 1820 1607 1889 iuxta
1622 1815 1659 1888 l·
1676 1813 1755 1887 Illi-

413 1934 495 2003 citro
507 1970 515 1986 ·
528 1933 567 2002 ia
584 1929 601 2028 l
618 1928 673 2001 Ne
689 1929 795 2002 wouh
813 1926 875 2024 ff
894 1926 949 1999 De
965 1928 1071 2023 (gildo
1087 1926 1263 2021 Prestdis·
1280 1928 1324 1999 ad
1341 1928 1410 2000 hoo
1426 1930 1514 2001 facit
1533 1926 1573 2003 0.
1595 1927 1755 2000 Tmolo

414 2053 445 2116 et
463 2041 504 2116 0.
523 2040 670 2139 Casellos
687 2083 695 2098 ·
714 2067 750 2112 a.
768 2041 868 2136 quest.
891 2039 929 2110 ii.
949 2039 1009 2110 vbi
1034 2042 1072 2110 in
1098 2041 1247 2111 modicis
1272 2050 1311 2112 et
1336 2039 1508 2112 stirilibus
1532 2043 1756 2135 permittitur

415 2154 620 2228 contractus
645 2148 884 2248 emphyteosrs
903 2162 940 2222 et
957 2175 979 2223 a
995 2154 1174 2223 contrario
1190 2150 1292 2223 sensu
1310 2153 1349 2223 in
1365 2155 1505 2249 magnis
1523 2164 1561 2225 et
1577 2153 1755 2225 fertilibus

414 2264 623 2359 simpliciter
647 2265 858 2357 prohibetur
882 2302 891 2321 ·
913 2262 969 2334 Er
996 2285 1131 2335 uonuu
1157 2285 1316 2336 memus
1342 2285 1505 2337 vrorum
1531 2286 1578 2336 nr
1605 2287 1756 2338 nuoans

417 2398 637 2450 uanunrans
662 2396 877 2448 nonuunnm
902 2395 1125 2447 succusswu
1143 2397 1216 2449 nno
1235 2396 1365 2447 bacun
1390 2398 1528 2450 nancIs
1554 2399 1756 2450 STERLING-

416 2511 525 2561 canu
543 2510 701 2561 rauruu
719 2529 728 2545 ·
747 2512 792 2558 ex
810 2489 1017 2579 quantitate
1042 2485 1142 2559 istius
1163 2485 1301 2559 summe
1326 2497 1428 2583 patet
1444 2491 1540 2582 quod
1557 2514 1630 2562 non
1648 2515 1758 2586 expc-

416 2603 538 2674 diebat
556 2596 704 2672 ecclelia
721 2595 787 2670 ista
803 2598 973 2671 alienatio
994 2622 1079 2670 nam
1105 2610 1201 2671 terra
1218 2623 1291 2671 non
1309 2610 1386 2672 erat
1403 2601 1558 2673 deterior
1575 2602 1758 2695 exaliqua

417 2711 522 2786 causa
546 2737 613 2784 nec
643 2720 720 2783 erat
750 2706 879 2782 sterilis
904 2707 958 2781 set
982 2719 1060 2783 erat
1083 2708 1241 2782 eiusdem
1266 2713 1439 2784 bonitatis
1464 2722 1626 2808 tempore
1650 2716 1758 2786 huius

418 2826 620 2898 donationis
646 2820 737 2895 licut
762 2824 905 2915 quando
931 2845 1011 2893 eam
1033 2823 1200 2915 primitus
1226 2819 1375 2895 ecclelia
1399 2821 1587 2917 acquifiuit
1611 2835 1650 2897 et
1676 2827 1757 2898 ideo

417 2963 491 3010 non
508 2937 617 3009 debet
635 2938 710 3008 dari
734 2936 772 3004 in
790 2929 1047 3027 emphyteosim
1065 2930 1130 3005 nifi
1148 2944 1253 3006 tanta
1278 2931 1517 3008 constituatur
1534 2935 1671 3011 summa
1692 2962 1756 3032 pro

417 3046 587 3144 penfionc
600 3057 772 3140 quantam
790 3046 927 3118 faciunt
944 3046 1107 3117 redditus
1124 3068 1212 3137 quos
1229 3047 1450 3140 percipiebat
1463 3057 1626 3143 tempore
1638 3049 1759 3122 huius·

417 3164 515 3232 modi
533 3161 736 3232 contractus
754 3199 762 3214 ·
781 3159 819 3227 in
835 3156 1040 3230 Anthemiou
1051 3196 1059 3212 ·
1071 3155 1242 3253 Perpetua
1256 3199 1264 3215 ·
1277 3184 1313 3229 a.
1331 3160 1433 3255 ptest
1451 3160 1486 3254 ij
1505 3171 1543 3233 et
1559 3160 1638 3259 Spe.
1657 3165 1705 3259 iij.
1720 3166 1758 3236 ti.

419 3275 459 3345 dc
483 3273 586 3346 locato
604 3313 612 3329 ·
631 3274 668 3343 in
687 3270 704 3369 l
722 3294 810 3341 uuae
834 3268 947 3365 aliquo
964 3295 993 3342 o.
1002 3270 1153 3366 septimo
1170 3271 1323 3365 pruritur
1339 3311 1348 3328 ·
1367 3294 1451 3343 nam
1477 3282 1573 3346 terra
1589 3276 1760 3348 videlicet

419 3386 670 3458 communibus
691 3383 794 3454 annis
812 3391 850 3452 et
867 3391 955 3453 tunc
973 3381 1088 3453 valuit
1107 3380 1125 3476 [
1228 3379 1245 3474 ]
1266 3422 1274 3438 ·
1293 3382 1480 3455 Taurum
1498 3405 1595 3456 [nunt
1612 3387 1636 3458 J
1638 3409 1760 3459 onan-

419 3518 490 3569 nas
516 3516 683 3568 carrona
715 3513 835 3564 nurus
866 3513 1097 3565 nouamorus
1123 3513 1269 3564 uosrnn
1295 3534 1303 3550 ·
1330 3491 1397 3567 ista
1422 3496 1565 3567 videtur
1594 3495 1664 3570 elle
1688 3522 1760 3572 vna

419 3607 522 3681 causa
546 3606 706 3703 partialis
723 3601 798 3676 fine
824 3604 884 3677 lox
910 3601 1076 3700 imposita
1101 3606 1285 3677 donationi
1308 3608 1367 3678 cui
1390 3606 1462 3702 legi
1484 3605 1557 3701 ipse
1572 3609 1759 3685 Johannes

418 3743 492 3791 uon
510 3723 628 3813 paruit
644 3719 732 3790 licet
757 3740 822 3810 per
846 3717 981 3789 multos
1006 3738 1118 3788 annos
1136 3717 1268 3788 dictam
1292 3726 1426 3791 terram
1450 3722 1572 3792 tenuit
1588 3731 1627 3794 et
1642 3724 1760 3797 multa

420 3833 665 3904 emolumenta
687 3855 734 3902 ex
759 3853 803 3900 ea
826 3831 988 3923 percepit
1013 3852 1098 3923 ergo
1122 3829 1168 3899 de
1192 3829 1270 3900 iure
1293 3830 1439 3902 donatio
1465 3836 1623 3906 reuocari
1650 3836 1760 3907 debet

421 3940 558 4017 etiamsi
576 3969 598 4015 a
613 3944 789 4036 principio
815 3938 983 4013 tenuisset
1002 3980 1012 4000 ·
1032 3940 1071 4013 0.
1088 3938 1145 4013 De
1168 3941 1366 4015 rmooocrdis
1390 3941 1620 4017 donationibus
1635 3982 1644 4002 ·
1661 3945 1758 4042 lfin.

422 4080 504 4128 nam
535 4055 636 4126 nulla
667 4050 792 4126 iustior
821 4050 926 4125 causa
953 4053 1145 4125 reuocandi
1173 4053 1376 4125 donationis
1405 4057 1445 4126 in
1472 4056 1551 4128 iure
1584 4062 1762 4152 reperitur

423 4190 529 4261 quam
559 4160 670 4238 illafi
697 4187 770 4235 non
800 4164 863 4235 liat
888 4173 1035 4258 propter
1064 4164 1159 4256 quod
1189 4164 1335 4237 donatio
1360 4166 1454 4238 satta
1480 4164 1533 4238 est
1557 4208 1565 4224 ·
1591 4170 1629 4239 in
1653 4169 1761 4245 Libro

411 4277 597 4376 feudorum
619 4318 627 4334 ·
652 4273 815 4370 Qaefoit
832 4276 951 4371 pmmo
973 4275 1072 4373 caroso
1095 4273 1283 4371 &refluum
1309 4278 1484 4352 amittendi
1504 4318 1513 4337 ·
1530 4304 1601 4377 cop.
1623 4282 1647 4354 i.
1674 4281 1692 4382 l
1701 4285 1764 4381 set

423 4416 490 4463 uec.
510 4385 711 4485 [sednon]

177 4515 360 4575 abactam·
423 4502 661 4577 concluditur
694 4523 778 4595 ergo
808 4501 903 4593 qnod
933 4523 1016 4571 cum
1046 4524 1113 4573 nec
1140 4522 1270 4596 urgens
1300 4497 1488 4575 neoeffitas
1515 4527 1582 4579 neo
1612 4507 1761 4581 euidens
