4088 5430
349 623 420 692 216
531 562 534 567 ⁵
869 616 1174 691 ancisvaun
1534 618 1689 713 [smum

349 857 358 875 ·
380 857 389 874 ·
413 858 421 873 ·
443 814 506 888 sua
522 818 604 888 that
621 819 658 886 in
677 817 822 887 defaute
847 818 888 887 ol
909 817 984 908 ghu
1001 840 1055 887 we
1072 818 1137 889 her
1153 840 1200 888 na
1216 818 1374 888 richtvvis
1391 816 1624 910 complaynt·
1647 855 1655 870 ·
1679 856 1687 870 ·

349 929 469 1001 Gevin
486 930 602 1000 under
622 952 688 999 our
711 930 812 1021 prive
828 925 891 999 scil
908 939 946 999 at
965 929 1076 1000 Perth
1094 932 1130 1000 in
1147 929 1294 1024 general
1320 927 1452 1001 conseil
1470 930 1534 1000 the
1551 937 1691 1021 twenty

349 1037 420 1110 fixt
446 1042 514 1134 day
537 1041 577 1110 of
598 1039 698 1133 Juny
721 1047 766 1130 pe
791 1040 879 1133 yher
904 1040 945 1111 of
964 1064 1070 1134 grace
1087 1065 1109 1111 a
1125 1040 1323 1113 thousande
1347 1041 1427 1112 four
1451 1041 1593 1112 hundre
1617 1041 1688 1111 and

348 1149 521 1246 sevynten
539 1153 610 1224 and
627 1152 668 1222 of
681 1176 747 1222 our
761 1151 974 1246 gouueruail
991 1159 1035 1243 pe
1052 1152 1163 1223 tuelft
1180 1194 1189 1209 ·

349 1487 567 1582 Preceptum
584 1489 684 1559 ducis
701 1487 858 1560 Albanio
874 1490 1125 1583 gubernatoris
1142 1512 1206 1581 pro
1223 1487 1387 1561 secundis
1405 1490 1553 1560 decimis
1569 1533 1579 1544 ·

351 1688 547 1784 Robertue
577 1711 651 1782 dux
682 1709 841 1783 Albanio
866 1750 874 1766 ·
901 1751 909 1765 ·
938 1752 946 1768 ·
976 1713 1248 1784 vicecomitibus
1278 1713 1324 1783 de
1350 1710 1546 1783 Aberdene
1575 1724 1614 1783 et
1643 1714 1689 1783 de

350 1824 467 1897 Banfe
492 1862 501 1880 ·
525 1861 535 1879 ·
563 1864 571 1879 ·
599 1823 695 1907 Quia
722 1822 844 1894 sumus
871 1824 916 1896 ad
943 1824 1092 1916 plenum
1119 1824 1304 1895 informati
1330 1826 1426 1917 quod
1452 1826 1498 1896 dc
1523 1825 1689 1896 omnibus

351 1939 477 2010 vardio
507 1945 545 2007 et
574 1935 719 2027 releuijs
745 1937 836 2006 infra
862 1938 1136 2008 vicecomitatus
1161 1937 1207 2008 de
1232 1937 1406 2008 Aberden
1434 1949 1473 2007 et
1500 1937 1546 2007 de
1571 1935 1688 2007 Banfe

349 2049 643 2144 contingentibus
669 2056 707 2118 et
732 2048 778 2119 ad
802 2049 987 2118 dominum
1012 2044 1173 2118 nostrum
1199 2072 1322 2143 regem
1347 2050 1612 2143 pertinentibus
1637 2049 1690 2119 se·

349 2162 467 2233 eunde
492 2162 631 2232 decime
653 2154 802 2231 ecclesie
821 2155 1069 2230 Aberdonensi
1096 2168 1134 2230 et
1160 2158 1323 2255 episcopo
1349 2163 1409 2253 qui
1435 2185 1498 2255 pro
1525 2171 1689 2254 tempore

347 2275 458 2344 fuerit
486 2296 532 2344 ex
559 2266 668 2364 ipfius
696 2267 845 2342 ecclesie
874 2271 1037 2362 primeua
1064 2271 1274 2344 fundatione
1301 2273 1504 2343 debentur·
1527 2281 1566 2343 et
1591 2296 1688 2343 nunc

349 2396 445 2456 terre
472 2380 683 2455 forestarum
707 2384 752 2453 de
776 2380 879 2475 Boyn
908 2393 947 2452 et
974 2383 1018 2452 de
1045 2382 1129 2476 Ayn
1156 2408 1197 2455 ac
1223 2385 1371 2456 baronio
1397 2386 1442 2456 de
1466 2383 1570 2455 Keth
1594 2385 1690 2455 infra

348 2498 642 2569 vicecomitatum
660 2495 705 2565 de
723 2493 822 2565 Banl
843 2492 1039 2565 existentes
1056 2518 1120 2588 per
1136 2505 1291 2567 mortem
1313 2497 1494 2588 quondam
1511 2495 1535 2566 J
1538 2495 1688 2567 ohannis

349 2609 395 2680 de
419 2607 526 2700 Haya
551 2607 686 2677 domini
712 2607 907 2677 earundem
924 2607 962 2677 in
980 2609 1099 2679 warda
1122 2609 1216 2701 regis
1243 2618 1281 2677 et
1306 2610 1344 2678 in
1368 2608 1535 2679 manibus
1561 2605 1689 2679 nostrie

348 2723 488 2792 ratione
505 2719 623 2789 warde
649 2713 810 2789 existunt
828 2754 836 2771 ·
854 2740 964 2808 quare
981 2719 1106 2789 vobis·
1127 2759 1135 2775 ·
1156 2759 1163 2777 ·
1182 2721 1399 2812 precipimus
1416 2730 1454 2789 et
1476 2721 1687 2791 mandamus

349 2842 527 2926 quatenus
545 2872 553 2887 ·
573 2872 581 2887 ·
600 2868 608 2884 ·
627 2830 792 2902 Gilberto
806 2828 969 2924 episcopo
980 2827 1228 2901 Aberdonensi
1242 2831 1286 2900 de
1301 2832 1403 2901 dictis
1416 2829 1579 2901 secundis
1593 2832 1689 2902 deci-

349 2947 418 3015 mis
429 2946 603 3015 didamm
615 2953 789 3012 terrarum
801 2942 933 3012 debitis
946 2941 1148 3036 responderi
1160 2943 1298 3013 faciatis
1309 2943 1353 3013 ad
1365 2944 1538 3013 terminos
1550 2940 1687 3014 vsualeo

349 3057 503 3127 durante
525 3064 688 3146 tempore
706 3054 798 3124 diue
817 3055 934 3124 warde
955 3095 963 3111 ·
989 3094 997 3111 ·
1021 3095 1029 3110 ·
1053 3054 1164 3147 Apud
1183 3053 1294 3124 Perth
1312 3052 1464 3147 septimo
1482 3055 1540 3124 die
1556 3052 1687 3125 mensio

349 3168 373 3239 J
376 3168 449 3260 unij
468 3190 562 3239 anno
581 3164 728 3235 Domini
747 3162 935 3237 millesimo
953 3161 1301 3260 quadringentesimo
1319 3166 1457 3237 decimo
1475 3169 1625 3237 octauo·

349 3496 541 3597 Inquifitio
558 3501 664 3597 super
680 3504 785 3573 terris
803 3502 848 3573 de
865 3502 962 3575 Glak
981 3540 989 3557 ·

353 3703 549 3820 inquisitio
567 3729 662 3799 sada
673 3727 768 3819 apud
782 3726 886 3796 Rane
903 3749 1022 3797 coram
1039 3725 1202 3821 episcopo
1219 3723 1468 3798 Abcrdonensi
1485 3737 1524 3798 et
1541 3728 1686 3800 domino

351 3839 500 3911 Andrea
516 3837 709 3911 Senescalli
727 3838 843 3909 milite
860 3840 937 3909 eius
961 3838 1095 3910 balliuo
1113 3836 1281 3934 vigesimo
1299 3842 1425 3910 octauo
1443 3839 1501 3910 die
1519 3837 1686 3913 Octobris

350 3975 445 4023 anno
463 3950 619 4021 Domino
645 3947 834 4021 millesimo
851 3947 1199 4045 quadringentefimo
1216 3952 1356 4023 decimo
1374 3953 1499 4022 octauo
1516 3975 1581 4044 per
1603 3994 1611 4009 ·
1639 3994 1648 4009 ·
1676 3995 1684 4009 ·

350 4063 525 4135 Thomam
552 4064 596 4133 de
623 4064 770 4156 Gardyn
797 4062 980 4156 Philipum
1007 4063 1052 4132 de
1078 4060 1285 4134 Drumbrek
1310 4061 1515 4133 Johannem
1539 4062 1686 4136 Wricht

350 4176 524 4247 Thomam
547 4171 689 4245 Forstar
713 4174 918 4246 Johannem
944 4176 989 4246 de
1016 4173 1157 4245 Ernhill
1182 4173 1387 4245 Johannem
1414 4171 1523 4268 Byset
1541 4174 1687 4247 Willel-

350 4310 452 4359 mum
470 4286 610 4357 Bumat
628 4285 830 4357 Robertum
848 4288 893 4358 de
911 4286 1079 4358 Blakhall
1104 4287 1309 4359 Johannem
1334 4286 1486 4357 Roberti
1512 4286 1685 4360 Thomam

351 4399 529 4473 Mantach
560 4395 760 4468 Robertum
787 4397 965 4492 Bevyrlay
989 4398 1193 4470 Johannem
1224 4399 1269 4470 de
1295 4398 1456 4470 Coulane
1481 4398 1686 4473 Johannem

351 4508 479 4587 Rovvse
505 4510 708 4582 Robertum
732 4510 777 4581 de
794 4510 1058 4604 Abercrummy
1081 4510 1276 4606 Hngonem
1303 4512 1349 4583 de
1369 4511 1622 4606 Abyrcrnmby
1647 4526 1685 4584 et
