<?xml version="1.0" encoding="UTF-8"?>
<!DOCTYPE html PUBLIC "-//W3C//DTD XHTML 1.0 Transitional//EN"
    "http://www.w3.org/TR/xhtml1/DTD/xhtml1-transitional.dtd">
<html xmlns="http://www.w3.org/1999/xhtml" xml:lang="en" lang="en">
 <head>
  <title>
</title>
<meta http-equiv="Content-Type" content="text/html;charset=utf-8" />
  <meta name='ocr-system' content='tesseract 3.04.00' />
  <meta name='ocr-capabilities' content='ocr_page ocr_carea ocr_par ocr_line ocrx_word'/>
</head>
<body>
  <div class='ocr_page' id='page_1' title='image "./registrumepisco01innegoog_0521.png"; bbox 0 0 4088 5430; ppageno 0'>
   <div class='ocr_carea' id='block_1_1' title="bbox 347 547 1812 707">
    <p class='ocr_par' dir='ltr' id='par_1_1' title="bbox 347 547 1812 707">
     <span class='ocr_line' id='line_1_1' title="bbox 347 547 1812 707; baseline 0.001 -24"><span class='ocrx_word' id='word_1_1' title='bbox 347 547 350 552; x_wconf 95' lang='lat'><em>·</em></span> <span class='ocrx_word' id='word_1_2' title='bbox 468 617 539 688; x_wconf 81' lang='grc'>378</span> <span class='ocrx_word' id='word_1_3' title='bbox 982 606 1288 682; x_wconf 84' lang='lat' dir='ltr'><strong>REGISTRUM</strong></span> <span class='ocrx_word' id='word_1_4' title='bbox 1653 612 1812 707; x_wconf 79' lang='lat' dir='ltr'>[sucum</span> 
     </span>
    </p>
   </div>
   <div class='ocr_carea' id='block_1_2' title="bbox 466 803 1818 1910">
    <p class='ocr_par' dir='ltr' id='par_1_2' title="bbox 466 803 1818 1910">
     <span class='ocr_line' id='line_1_2' title="bbox 468 803 1814 903; baseline 0.004 -25"><span class='ocrx_word' id='word_1_5' title='bbox 468 806 650 901; x_wconf 80' lang='lat' dir='ltr'>nsquam</span> <span class='ocrx_word' id='word_1_6' title='bbox 641 831 679 878; x_wconf 89' lang='lat'>111</span> <span class='ocrx_word' id='word_1_7' title='bbox 704 807 843 879; x_wconf 87' lang='lat' dir='ltr'>rentale</span> <span class='ocrx_word' id='word_1_8' title='bbox 869 808 1031 878; x_wconf 91' lang='lat' dir='ltr'>domini·</span> <span class='ocrx_word' id='word_1_9' title='bbox 1049 808 1098 879; x_wconf 88' lang='lat' dir='ltr'>Et</span> <span class='ocrx_word' id='word_1_10' title='bbox 1116 817 1306 901; x_wconf 85' lang='lat' dir='ltr'>propterea</span> <span class='ocrx_word' id='word_1_11' title='bbox 1323 803 1526 880; x_wconf 66' lang='lat' dir='ltr'>effodiantur</span> <span class='ocrx_word' id='word_1_12' title='bbox 1542 833 1606 903; x_wconf 92' lang='lat' dir='ltr'>pro</span> <span class='ocrx_word' id='word_1_13' title='bbox 1623 813 1687 882; x_wconf 84' lang='lat' dir='ltr'>xix</span> <span class='ocrx_word' id='word_1_14' title='bbox 1705 816 1814 884; x_wconf 86' lang='lat' dir='ltr'>annis</span> 
     </span>
     <span class='ocr_line' id='line_1_3' title="bbox 469 917 1372 1012; baseline 0.001 -21"><span class='ocrx_word' id='word_1_15' title='bbox 469 921 515 992; x_wconf 89' lang='lat' dir='ltr'>de</span> <span class='ocrx_word' id='word_1_16' title='bbox 532 917 703 991; x_wconf 87' lang='lat' dir='ltr'>consensu</span> <span class='ocrx_word' id='word_1_17' title='bbox 721 918 879 1012; x_wconf 83' lang='lat' dir='ltr'>Capitulj</span> <span class='ocrx_word' id='word_1_18' title='bbox 898 919 1048 991; x_wconf 86' lang='lat' dir='ltr'>solemni</span> <span class='ocrx_word' id='word_1_19' title='bbox 1064 918 1207 992; x_wconf 86' lang='lat' dir='ltr'>seruato</span> <span class='ocrx_word' id='word_1_20' title='bbox 1226 923 1372 992; x_wconf 66' lang='lat' dir='ltr'>tractu·</span> 
     </span>
     <span class='ocr_line' id='line_1_4' title="bbox 620 1029 1814 1125; baseline 0.006 -23"><span class='ocrx_word' id='word_1_21' title='bbox 620 1033 769 1103; x_wconf 85' lang='lat' dir='ltr'>Andree</span> <span class='ocrx_word' id='word_1_22' title='bbox 795 1029 1058 1125; x_wconf 88' lang='lat' dir='ltr'>Elphinstoune</span> <span class='ocrx_word' id='word_1_23' title='bbox 1082 1033 1127 1103; x_wconf 90' lang='lat' dir='ltr'>de</span> <span class='ocrx_word' id='word_1_24' title='bbox 1154 1031 1296 1125; x_wconf 80' lang='lat' dir='ltr'>Selmys</span> <span class='ocrx_word' id='word_1_25' title='bbox 1322 1042 1360 1104; x_wconf 90' lang='lat' dir='ltr'>et</span> <span class='ocrx_word' id='word_1_26' title='bbox 1386 1033 1457 1105; x_wconf 80' lang='lat' dir='ltr'>suis</span> <span class='ocrx_word' id='word_1_27' title='bbox 1474 1031 1752 1107; x_wconf 82' lang='lat' dir='ltr'>subtenentibus</span> <span class='ocrx_word' id='word_1_28' title='bbox 1771 1049 1814 1108; x_wconf 90' lang='lat' dir='ltr'>et</span> 
     </span>
     <span class='ocr_line' id='line_1_5' title="bbox 618 1139 1816 1239; baseline 0.005 -24"><span class='ocrx_word' id='word_1_29' title='bbox 618 1139 799 1239; x_wconf 85' lang='lat' dir='ltr'>affignatis</span> <span class='ocrx_word' id='word_1_30' title='bbox 825 1141 1020 1215; x_wconf 88' lang='lat' dir='ltr'>secundum</span> <span class='ocrx_word' id='word_1_31' title='bbox 1044 1153 1209 1215; x_wconf 90' lang='lat' dir='ltr'>tenorem</span> <span class='ocrx_word' id='word_1_32' title='bbox 1235 1141 1296 1215; x_wconf 88' lang='lat' dir='ltr'>sne</span> <span class='ocrx_word' id='word_1_33' title='bbox 1324 1142 1550 1217; x_wconf 80' lang='lat' dir='ltr'>alledationis</span> <span class='ocrx_word' id='word_1_34' title='bbox 1573 1147 1688 1218; x_wconf 86' lang='lat' dir='ltr'>eidem</span> <span class='ocrx_word' id='word_1_35' title='bbox 1716 1149 1816 1220; x_wconf 73' lang='lat' dir='ltr'>facte</span> 
     </span>
     <span class='ocr_line' id='line_1_6' title="bbox 619 1252 1816 1352; baseline 0.006 -26"><span class='ocrx_word' id='word_1_36' title='bbox 619 1254 684 1326; x_wconf 87' lang='lat' dir='ltr'>sub</span> <span class='ocrx_word' id='word_1_37' title='bbox 718 1252 832 1351; x_wconf 78' lang='lat' dir='ltr'>sigillo</span> <span class='ocrx_word' id='word_1_38' title='bbox 866 1257 1003 1327; x_wconf 90' lang='lat' dir='ltr'>domini</span> <span class='ocrx_word' id='word_1_39' title='bbox 1038 1266 1076 1328; x_wconf 93' lang='lat' dir='ltr'>et</span> <span class='ocrx_word' id='word_1_40' title='bbox 1111 1258 1293 1327; x_wconf 88' lang='lat' dir='ltr'>communi</span> <span class='ocrx_word' id='word_1_41' title='bbox 1331 1261 1408 1351; x_wconf 87' lang='lat' dir='ltr'>capi</span> <span class='ocrx_word' id='word_1_42' title='bbox 1412 1257 1479 1349; x_wconf 88' lang='lat' dir='ltr'>tulj</span> <span class='ocrx_word' id='word_1_43' title='bbox 1515 1281 1609 1329; x_wconf 89' lang='lat' dir='ltr'>anno</span> <span class='ocrx_word' id='word_1_44' title='bbox 1636 1257 1816 1352; x_wconf 83' lang='lat' dir='ltr'>presentis</span> 
     </span>
     <span class='ocr_line' id='line_1_7' title="bbox 620 1364 1816 1465; baseline 0.005 -27"><span class='ocrx_word' id='word_1_45' title='bbox 620 1364 883 1440; x_wconf 85' lang='lat' dir='ltr'>affedationis·</span> <span class='ocrx_word' id='word_1_46' title='bbox 914 1368 964 1439; x_wconf 92' lang='lat' dir='ltr'>Et</span> <span class='ocrx_word' id='word_1_47' title='bbox 988 1370 1058 1440; x_wconf 91' lang='lat' dir='ltr'>hoc</span> <span class='ocrx_word' id='word_1_48' title='bbox 1075 1366 1223 1460; x_wconf 83' lang='lat' dir='ltr'>semper</span> <span class='ocrx_word' id='word_1_49' title='bbox 1247 1366 1490 1440; x_wconf 86' lang='lat' dir='ltr'>conseruando</span> <span class='ocrx_word' id='word_1_50' title='bbox 1513 1365 1677 1442; x_wconf 88' lang='lat' dir='ltr'>forestam</span> <span class='ocrx_word' id='word_1_51' title='bbox 1702 1385 1816 1465; x_wconf 89' lang='lat' dir='ltr'>prout</span> 
     </span>
     <span class='ocr_line' id='line_1_8' title="bbox 623 1476 1817 1573; baseline 0.003 -22"><span class='ocrx_word' id='word_1_52' title='bbox 623 1481 843 1573; x_wconf 81' lang='lat' dir='ltr'>temporibus</span> <span class='ocrx_word' id='word_1_53' title='bbox 883 1480 1067 1552; x_wconf 65' lang='lat' dir='ltr'>transactis</span> <span class='ocrx_word' id='word_1_54' title='bbox 1110 1476 1287 1552; x_wconf 86' lang='lat' dir='ltr'>custodita</span> <span class='ocrx_word' id='word_1_55' title='bbox 1320 1481 1494 1551; x_wconf 79' lang='lat' dir='ltr'>extiterat</span> <span class='ocrx_word' id='word_1_56' title='bbox 1531 1490 1569 1552; x_wconf 86' lang='lat' dir='ltr'>et</span> <span class='ocrx_word' id='word_1_57' title='bbox 1602 1481 1732 1552; x_wconf 81' lang='lat' dir='ltr'>melius</span> <span class='ocrx_word' id='word_1_58' title='bbox 1767 1485 1817 1554; x_wconf 90' lang='lat' dir='ltr'>ad</span> 
     </span>
     <span class='ocr_line' id='line_1_9' title="bbox 573 1589 1818 1686; baseline 0.003 -24"><span class='ocrx_word' id='word_1_59' title='bbox 573 1612 575 1617; x_wconf 54' lang='lat'><strong><em>⁴</em></strong></span> <span class='ocrx_word' id='word_1_60' title='bbox 622 1594 742 1663; x_wconf 87' lang='lat' dir='ltr'>minus</span> <span class='ocrx_word' id='word_1_61' title='bbox 770 1591 901 1685; x_wconf 87' lang='lat' dir='ltr'>absque</span> <span class='ocrx_word' id='word_1_62' title='bbox 924 1590 1081 1665; x_wconf 66' lang='lat' dir='ltr'>sectione</span> <span class='ocrx_word' id='word_1_63' title='bbox 1107 1591 1286 1686; x_wconf 79' lang='lat' dir='ltr'>lignorum</span> <span class='ocrx_word' id='word_1_64' title='bbox 1312 1589 1471 1661; x_wconf 86' lang='lat' dir='ltr'>eiusdem</span> <span class='ocrx_word' id='word_1_65' title='bbox 1492 1592 1538 1663; x_wconf 90' lang='lat' dir='ltr'>de</span> <span class='ocrx_word' id='word_1_66' title='bbox 1562 1614 1635 1662; x_wconf 91' lang='lat' dir='ltr'>non</span> <span class='ocrx_word' id='word_1_67' title='bbox 1661 1590 1818 1666; x_wconf 74' lang='lat' dir='ltr'>licencia</span> 
     </span>
     <span class='ocr_line' id='line_1_10' title="bbox 466 1695 1818 1796; baseline 0.003 -22"><span class='ocrx_word' id='word_1_68' title='bbox 466 1695 476 1717; x_wconf 86' lang='lat'>&#39;</span> <span class='ocrx_word' id='word_1_69' title='bbox 623 1704 741 1774; x_wconf 86' lang='lat' dir='ltr'>danda</span> <span class='ocrx_word' id='word_1_70' title='bbox 769 1704 847 1796; x_wconf 87' lang='lat' dir='ltr'>alijs</span> <span class='ocrx_word' id='word_1_71' title='bbox 878 1745 886 1760; x_wconf 93' lang='lat'><strong>·</strong></span> <span class='ocrx_word' id='word_1_72' title='bbox 918 1704 969 1775; x_wconf 88' lang='lat' dir='ltr'>Et</span> <span class='ocrx_word' id='word_1_73' title='bbox 995 1703 1166 1776; x_wconf 85' lang='lat' dir='ltr'>soluendo</span> <span class='ocrx_word' id='word_1_74' title='bbox 1192 1703 1263 1796; x_wconf 81' lang='lat' dir='ltr'>·iiij·</span> <span class='ocrx_word' id='word_1_75' title='bbox 1288 1700 1324 1773; x_wconf 78' lang='lat' dir='ltr'>b·</span> <span class='ocrx_word' id='word_1_76' title='bbox 1350 1704 1497 1774; x_wconf 91' lang='lat' dir='ltr'>nucium</span> <span class='ocrx_word' id='word_1_77' title='bbox 1522 1726 1587 1796; x_wconf 92' lang='lat' dir='ltr'>per</span> <span class='ocrx_word' id='word_1_78' title='bbox 1610 1701 1818 1778; x_wconf 81' lang='lat' dir='ltr'>forestarios</span> 
     </span>
     <span class='ocr_line' id='line_1_11' title="bbox 622 1812 1064 1910; baseline 0.005 -24"><span class='ocrx_word' id='word_1_79' title='bbox 622 1812 752 1887; x_wconf 84' lang='lat' dir='ltr'>foreste</span> <span class='ocrx_word' id='word_1_80' title='bbox 769 1812 916 1910; x_wconf 85' lang='lat' dir='ltr'>fingulis</span> <span class='ocrx_word' id='word_1_81' title='bbox 934 1818 1038 1888; x_wconf 82' lang='lat' dir='ltr'>annis</span> <span class='ocrx_word' id='word_1_82' title='bbox 1056 1855 1064 1871; x_wconf 94' lang='lat'><strong>·</strong></span> 
     </span>
    </p>
   </div>
   <div class='ocr_carea' id='block_1_3' title="bbox 903 2003 1381 2111">
    <p class='ocr_par' dir='ltr' id='par_1_3' title="bbox 903 2003 1381 2111">
     <span class='ocr_line' id='line_1_12' title="bbox 903 2003 1381 2111; baseline -0.002 -2"><span class='ocrx_word' id='word_1_83' title='bbox 903 2022 1033 2111; x_wconf 83' lang='lat' dir='ltr'>Libera</span> <span class='ocrx_word' id='word_1_84' title='bbox 1050 2003 1181 2110; x_wconf 71' lang='lat' dir='ltr'>foresta</span> <span class='ocrx_word' id='word_1_85' title='bbox 1198 2039 1243 2109; x_wconf 87' lang='lat' dir='ltr'>de</span> <span class='ocrx_word' id='word_1_86' title='bbox 1257 2033 1364 2109; x_wconf 81' lang='lat' dir='ltr'>Braff</span> <span class='ocrx_word' id='word_1_87' title='bbox 1373 2078 1381 2093; x_wconf 94' lang='lat'><strong>·</strong></span> 
     </span>
    </p>
   </div>
   <div class='ocr_carea' id='block_1_4' title="bbox 481 2709 1823 3851">
    <p class='ocr_par' dir='ltr' id='par_1_4' title="bbox 481 2709 1823 3813">
     <span class='ocr_line' id='line_1_13' title="bbox 481 2709 1818 2806; baseline 0.001 -23"><span class='ocrx_word' id='word_1_88' title='bbox 481 2711 632 2783; x_wconf 90' lang='lat' dir='ltr'>Summa</span> <span class='ocrx_word' id='word_1_89' title='bbox 643 2713 688 2781; x_wconf 78' lang='lat' dir='ltr'>&lt;le</span> <span class='ocrx_word' id='word_1_90' title='bbox 703 2720 879 2782; x_wconf 89' lang='lat' dir='ltr'>terramm</span> <span class='ocrx_word' id='word_1_91' title='bbox 893 2713 1120 2783; x_wconf 82' lang='lat' dir='ltr'>firmishnius</span> <span class='ocrx_word' id='word_1_92' title='bbox 1172 2709 1324 2783; x_wconf 88' lang='lat' dir='ltr'>Summa</span> <span class='ocrx_word' id='word_1_93' title='bbox 1340 2720 1530 2782; x_wconf 88' lang='lat' dir='ltr'>mutonum</span> <span class='ocrx_word' id='word_1_94' title='bbox 1574 2767 1582 2782; x_wconf 92' lang='lat'><strong>.</strong></span> <span class='ocrx_word' id='word_1_95' title='bbox 1713 2712 1818 2806; x_wconf 88' lang='lat' dir='ltr'>xliiiJ&#39;·</span> 
     </span>
     <span class='ocr_line' id='line_1_14' title="bbox 528 2821 1821 2920; baseline 0.002 -27"><span class='ocrx_word' id='word_1_96' title='bbox 528 2822 640 2896; x_wconf 89' lang='lat' dir='ltr'>sehire</span> <span class='ocrx_word' id='word_1_97' title='bbox 665 2823 796 2915; x_wconf 78' lang='lat' dir='ltr'>j⁰·xliij·</span> <span class='ocrx_word' id='word_1_98' title='bbox 812 2823 873 2893; x_wconf 82' lang='lat' dir='ltr'>lib·</span> <span class='ocrx_word' id='word_1_99' title='bbox 887 2825 947 2916; x_wconf 89' lang='lat' dir='ltr'>xij·</span> <span class='ocrx_word' id='word_1_100' title='bbox 962 2826 991 2895; x_wconf 74' lang='grc' dir='ltr'>ἔ·</span> <span class='ocrx_word' id='word_1_101' title='bbox 1006 2824 1068 2915; x_wconf 90' lang='lat' dir='ltr'>iiij·</span> <span class='ocrx_word' id='word_1_102' title='bbox 1084 2821 1120 2893; x_wconf 80' lang='lat' dir='ltr'>d·</span> <span class='ocrx_word' id='word_1_103' title='bbox 1172 2822 1323 2894; x_wconf 82' lang='lat' dir='ltr'>Summa</span> <span class='ocrx_word' id='word_1_104' title='bbox 1340 2846 1510 2895; x_wconf 79' lang='lat' dir='ltr'>aucarum</span> <span class='ocrx_word' id='word_1_105' title='bbox 1538 2896 1543 2903; x_wconf 76' lang='grc'><em>,</em></span> <span class='ocrx_word' id='word_1_106' title='bbox 1573 2865 1580 2880; x_wconf 92' lang='lat'><strong>·</strong></span> <span class='ocrx_word' id='word_1_107' title='bbox 1715 2826 1821 2920; x_wconf 86' lang='lat' dir='ltr'>xliiij·</span> 
     </span>
     <span class='ocr_line' id='line_1_15' title="bbox 481 2922 1815 3030; baseline 0.001 -24"><span class='ocrx_word' id='word_1_108' title='bbox 481 2935 631 3007; x_wconf 87' lang='lat' dir='ltr'>Summa</span> <span class='ocrx_word' id='word_1_109' title='bbox 647 2935 908 3029; x_wconf 82' lang='lat' dir='ltr'>bondagiorum</span> <span class='ocrx_word' id='word_1_110' title='bbox 1174 2934 1325 3006; x_wconf 87' lang='lat' dir='ltr'>Summa</span> <span class='ocrx_word' id='word_1_111' title='bbox 1341 2922 1518 3028; x_wconf 83' lang='lat' dir='ltr'>caponum</span> <span class='ocrx_word' id='word_1_112' title='bbox 1570 2976 1577 2992; x_wconf 90' lang='lat'><strong>·</strong></span> <span class='ocrx_word' id='word_1_113' title='bbox 1751 2940 1815 3030; x_wconf 88' lang='lat' dir='ltr'>xij·</span> 
     </span>
     <span class='ocr_line' id='line_1_16' title="bbox 719 3043 1818 3140; baseline 0.005 -25"><span class='ocrx_word' id='word_1_114' title='bbox 719 3047 768 3137; x_wconf 90' lang='lat' dir='ltr'>iij·</span> <span class='ocrx_word' id='word_1_115' title='bbox 786 3046 847 3116; x_wconf 81' lang='lat' dir='ltr'>lit·</span> <span class='ocrx_word' id='word_1_116' title='bbox 867 3049 941 3140; x_wconf 81' lang='lat' dir='ltr'>xiij·</span> <span class='ocrx_word' id='word_1_117' title='bbox 961 3051 989 3119; x_wconf 74' lang='grc' dir='ltr'>ἓ·</span> <span class='ocrx_word' id='word_1_118' title='bbox 1008 3048 1070 3138; x_wconf 86' lang='lat' dir='ltr'>iiij·</span> <span class='ocrx_word' id='word_1_119' title='bbox 1088 3043 1122 3116; x_wconf 78' lang='lat' dir='ltr'>d·</span> <span class='ocrx_word' id='word_1_120' title='bbox 1174 3045 1325 3117; x_wconf 87' lang='lat' dir='ltr'>Summa</span> <span class='ocrx_word' id='word_1_121' title='bbox 1340 3047 1555 3140; x_wconf 85' lang='lat' dir='ltr'>gallinarum</span> <span class='ocrx_word' id='word_1_122' title='bbox 1668 3048 1818 3121; x_wconf 78' lang='lat' dir='ltr'>xduod·</span> 
     </span>
     <span class='ocr_line' id='line_1_17' title="bbox 481 3156 1820 3254; baseline 0.003 -24"><span class='ocrx_word' id='word_1_123' title='bbox 481 3159 631 3230; x_wconf 83' lang='lat' dir='ltr'>Summa</span> <span class='ocrx_word' id='word_1_124' title='bbox 647 3156 802 3253; x_wconf 89' lang='lat' dir='ltr'>girsnme</span> <span class='ocrx_word' id='word_1_125' title='bbox 1175 3159 1327 3229; x_wconf 83' lang='lat' dir='ltr'>Summa</span> <span class='ocrx_word' id='word_1_126' title='bbox 1344 3159 1421 3229; x_wconf 90' lang='lat' dir='ltr'>but&#39;</span> <span class='ocrx_word' id='word_1_127' title='bbox 1394 3161 1453 3252; x_wconf 82' lang='lat' dir='ltr'>trrJ&#39;</span> <span class='ocrx_word' id='word_1_128' title='bbox 1566 3205 1574 3219; x_wconf 92' lang='lat'><strong>·</strong></span> <span class='ocrx_word' id='word_1_129' title='bbox 1695 3163 1723 3252; x_wconf 82' lang='lat' dir='ltr'>J&#39;·</span> <span class='ocrx_word' id='word_1_130' title='bbox 1743 3161 1820 3254; x_wconf 78' lang='lat' dir='ltr'>pei·</span> 
     </span>
     <span class='ocr_line' id='line_1_18' title="bbox 481 3268 1820 3367; baseline 0.001 -24"><span class='ocrx_word' id='word_1_131' title='bbox 481 3273 633 3343; x_wconf 89' lang='lat' dir='ltr'>Summa</span> <span class='ocrx_word' id='word_1_132' title='bbox 650 3271 780 3340; x_wconf 85' lang='lat' dir='ltr'>farrine</span> <span class='ocrx_word' id='word_1_133' title='bbox 880 3309 887 3323; x_wconf 95' lang='lat'><strong>·</strong></span> <span class='ocrx_word' id='word_1_134' title='bbox 988 3294 1022 3339; x_wconf 87' lang='lat' dir='ltr'>x·</span> <span class='ocrx_word' id='word_1_135' title='bbox 1041 3271 1121 3362; x_wconf 58' lang='grc' dir='ltr'>Μ</span> <span class='ocrx_word' id='word_1_136' title='bbox 1175 3268 1327 3342; x_wconf 87' lang='lat' dir='ltr'>Summa</span> <span class='ocrx_word' id='word_1_137' title='bbox 1343 3293 1538 3342; x_wconf 83' lang='lat' dir='ltr'>auenarum</span> <span class='ocrx_word' id='word_1_138' title='bbox 1557 3274 1679 3364; x_wconf 80' lang='lat' dir='ltr'>xxviij·</span> <span class='ocrx_word' id='word_1_139' title='bbox 1671 3274 1730 3343; x_wconf 66' lang='lat' dir='ltr'>-o</span> <span class='ocrx_word' id='word_1_140' title='bbox 1750 3275 1820 3367; x_wconf 85' lang='lat' dir='ltr'>ijs·</span> 
     </span>
     <span class='ocr_line' id='line_1_19' title="bbox 481 3377 1820 3478; baseline 0 -23"><span class='ocrx_word' id='word_1_141' title='bbox 481 3383 631 3455; x_wconf 89' lang='lat' dir='ltr'>Summa</span> <span class='ocrx_word' id='word_1_142' title='bbox 647 3377 751 3473; x_wconf 84' lang='lat' dir='ltr'>brefij</span> <span class='ocrx_word' id='word_1_143' title='bbox 880 3423 887 3436; x_wconf 94' lang='lat'><strong>·</strong></span> <span class='ocrx_word' id='word_1_144' title='bbox 990 3407 1023 3453; x_wconf 87' lang='lat' dir='ltr'>x·</span> <span class='ocrx_word' id='word_1_145' title='bbox 1040 3384 1119 3474; x_wconf 75' lang='lat' dir='ltr'>nJ</span> <span class='ocrx_word' id='word_1_146' title='bbox 1172 3380 1324 3453; x_wconf 87' lang='lat' dir='ltr'>Summa</span> <span class='ocrx_word' id='word_1_147' title='bbox 1340 3404 1572 3474; x_wconf 88' lang='lat' dir='ltr'>porcorum</span> <span class='ocrx_word' id='word_1_148' title='bbox 1673 3423 1680 3438; x_wconf 94' lang='lat'><strong>·</strong></span> <span class='ocrx_word' id='word_1_149' title='bbox 1782 3388 1820 3478; x_wconf 89' lang='lat' dir='ltr'>ij·</span> 
     </span>
     <span class='ocr_line' id='line_1_20' title="bbox 481 3489 1690 3590; baseline -0.001 -23"><span class='ocrx_word' id='word_1_150' title='bbox 481 3497 633 3567; x_wconf 89' lang='lat' dir='ltr'>Summa</span> <span class='ocrx_word' id='word_1_151' title='bbox 649 3494 745 3585; x_wconf 87' lang='lat' dir='ltr'>ordej</span> <span class='ocrx_word' id='word_1_152' title='bbox 882 3532 890 3548; x_wconf 89' lang='lat'><strong>·</strong></span> <span class='ocrx_word' id='word_1_153' title='bbox 944 3494 1018 3586; x_wconf 86' lang='lat' dir='ltr'>xlij</span> <span class='ocrx_word' id='word_1_154' title='bbox 1037 3489 1123 3565; x_wconf 83' lang='lat' dir='ltr'>boll·</span> <span class='ocrx_word' id='word_1_155' title='bbox 1176 3491 1327 3563; x_wconf 90' lang='lat' dir='ltr'>Summa</span> <span class='ocrx_word' id='word_1_156' title='bbox 1343 3517 1493 3565; x_wconf 85' lang='lat' dir='ltr'>onerum</span> <span class='ocrx_word' id='word_1_157' title='bbox 1512 3494 1690 3590; x_wconf 81' lang='lat' dir='ltr'>lignorum</span> 
     </span>
     <span class='ocr_line' id='line_1_21' title="bbox 481 3607 1823 3701; baseline 0.001 -24"><span class='ocrx_word' id='word_1_158' title='bbox 481 3607 844 3678; x_wconf 83' lang='lat' dir='ltr'>Summamartarum</span> <span class='ocrx_word' id='word_1_159' title='bbox 887 3647 894 3662; x_wconf 92' lang='lat'><strong>·</strong></span> <span class='ocrx_word' id='word_1_160' title='bbox 1052 3607 1125 3698; x_wconf 86' lang='lat' dir='ltr'><strong>xxj·</strong></span> <span class='ocrx_word' id='word_1_161' title='bbox 1665 3610 1697 3700; x_wconf 86' lang='lat' dir='ltr'>vj</span> <span class='ocrx_word' id='word_1_162' title='bbox 1700 3612 1823 3701; x_wconf 84' lang='lat' dir='ltr'>¹¹·xij·</span> 
     </span>
     <span class='ocr_line' id='line_1_22' title="bbox 532 3714 1821 3851; baseline 0.001 -62"><span class='ocrx_word' id='word_1_163' title='bbox 532 3719 682 3790; x_wconf 87' lang='lat' dir='ltr'>Summa</span> <span class='ocrx_word' id='word_1_164' title='bbox 706 3714 866 3846; x_wconf 84' lang='lat' dir='ltr'>vasorum</span> <span class='ocrx_word' id='word_1_165' title='bbox 895 3717 1097 3811; x_wconf 84' lang='lat' dir='ltr'>ligneorum</span> <span class='ocrx_word' id='word_1_166' title='bbox 1119 3728 1159 3847; x_wconf 80' lang='lat' dir='ltr'>vt</span> <span class='ocrx_word' id='word_1_167' title='bbox 1188 3716 1330 3809; x_wconf 88' lang='lat' dir='ltr'>supra</span> <span class='ocrx_word' id='word_1_168' title='bbox 1321 3740 1358 3786; x_wconf 93' lang='grc' dir='ltr'>ιιι</span> <span class='ocrx_word' id='word_1_169' title='bbox 1392 3715 1529 3789; x_wconf 88' lang='lat' dir='ltr'>Dulsak</span> <span class='ocrx_word' id='word_1_170' title='bbox 1551 3719 1766 3791; x_wconf 78' lang='lat' dir='ltr'>videlicet·</span> <span class='ocrx_word' id='word_1_171' title='bbox 1747 3723 1821 3851; x_wconf 69' lang='lat' dir='ltr'>aiij·</span> 
     </span>
    </p>
   </div>
   <div class='ocr_carea' id='block_1_5' title="bbox 481 4053 1824 4490">
    <p class='ocr_par' dir='ltr' id='par_1_5' title="bbox 531 4053 999 4147">
     <span class='ocr_line' id='line_1_23' title="bbox 531 4053 999 4147; baseline -0.004 -23"><span class='ocrx_word' id='word_1_172' title='bbox 531 4054 681 4124; x_wconf 85' lang='lat' dir='ltr'>Summa</span> <span class='ocrx_word' id='word_1_173' title='bbox 697 4065 894 4125; x_wconf 88' lang='lat' dir='ltr'>aratrorum</span> <span class='ocrx_word' id='word_1_174' title='bbox 913 4053 999 4147; x_wconf 87' lang='lat' dir='ltr'>xlij·</span> 
     </span>
    </p>

    <p class='ocr_par' dir='ltr' id='par_1_6' title="bbox 481 4162 1824 4490">
     <span class='ocr_line' id='line_1_24' title="bbox 534 4162 1823 4296; baseline 0.004 -59"><span class='ocrx_word' id='word_1_175' title='bbox 534 4167 631 4238; x_wconf 88' lang='lat' dir='ltr'>Item</span> <span class='ocrx_word' id='word_1_176' title='bbox 645 4177 812 4237; x_wconf 83' lang='lat' dir='ltr'>tenentes</span> <span class='ocrx_word' id='word_1_177' title='bbox 829 4166 937 4236; x_wconf 88' lang='lat' dir='ltr'>huius</span> <span class='ocrx_word' id='word_1_178' title='bbox 954 4165 1068 4238; x_wconf 82' lang='lat' dir='ltr'>schire</span> <span class='ocrx_word' id='word_1_179' title='bbox 1082 4167 1219 4237; x_wconf 88' lang='lat' dir='ltr'>habent</span> <span class='ocrx_word' id='word_1_180' title='bbox 1236 4163 1373 4237; x_wconf 88' lang='lat' dir='ltr'>soluere</span> <span class='ocrx_word' id='word_1_181' title='bbox 1390 4162 1536 4296; x_wconf 75' lang='lat' dir='ltr'>singulis</span> <span class='ocrx_word' id='word_1_182' title='bbox 1552 4169 1655 4239; x_wconf 87' lang='lat' dir='ltr'>annis</span> <span class='ocrx_word' id='word_1_183' title='bbox 1671 4180 1823 4242; x_wconf 87' lang='lat' dir='ltr'>centum</span> 
     </span>
     <span class='ocr_line' id='line_1_25' title="bbox 481 4267 1824 4373; baseline 0.001 -19"><span class='ocrx_word' id='word_1_184' title='bbox 481 4281 606 4370; x_wconf 85' lang='lat' dir='ltr'>·xxiiij·</span> <span class='ocrx_word' id='word_1_185' title='bbox 636 4277 772 4350; x_wconf 85' lang='lat' dir='ltr'>sarcula</span> <span class='ocrx_word' id='word_1_186' title='bbox 798 4278 977 4373; x_wconf 85' lang='lat' dir='ltr'>lignorum</span> <span class='ocrx_word' id='word_1_187' title='bbox 1012 4267 1195 4351; x_wconf 86' lang='lat' dir='ltr'>aridorum</span> <span class='ocrx_word' id='word_1_188' title='bbox 1230 4299 1384 4349; x_wconf 86' lang='lat' dir='ltr'>vnaoum</span> <span class='ocrx_word' id='word_1_189' title='bbox 1420 4280 1490 4373; x_wconf 80' lang='lat' dir='ltr'>iiij·</span> <span class='ocrx_word' id='word_1_190' title='bbox 1526 4280 1561 4349; x_wconf 72' lang='lat' dir='ltr'>t</span> <span class='ocrx_word' id='word_1_191' title='bbox 1593 4281 1638 4352; x_wconf 88' lang='lat' dir='ltr'>de</span> <span class='ocrx_word' id='word_1_192' title='bbox 1668 4285 1824 4355; x_wconf 86' lang='lat' dir='ltr'>nucibus</span> 
     </span>
     <span class='ocr_line' id='line_1_26' title="bbox 482 4392 648 4490; baseline -0.021 -26"><span class='ocrx_word' id='word_1_193' title='bbox 482 4392 648 4490; x_wconf 80' lang='lat' dir='ltr'>gallicis</span> 
     </span>
    </p>
   </div>
   <div class='ocr_carea' id='block_1_6' title="bbox 0 0 2064 5430">
    <p class='ocr_par' dir='ltr' id='par_1_7' title="bbox 0 0 2064 5430">
     <span class='ocr_line' id='line_1_27' title="bbox 0 0 2064 5430; baseline 0 0"><span class='ocrx_word' id='word_1_194' title='bbox 0 0 2064 5430; x_wconf 95' lang='lat' dir='ltr'> </span> 
     </span>
    </p>
   </div>
  </div>
 </body>
</html>
