<?xml version="1.0" encoding="UTF-8"?>
<!DOCTYPE html PUBLIC "-//W3C//DTD XHTML 1.0 Transitional//EN"
    "http://www.w3.org/TR/xhtml1/DTD/xhtml1-transitional.dtd">
<html xmlns="http://www.w3.org/1999/xhtml" xml:lang="en" lang="en">
 <head>
  <title>
</title>
<meta http-equiv="Content-Type" content="text/html;charset=utf-8" />
  <meta name='ocr-system' content='tesseract 3.04.00' />
  <meta name='ocr-capabilities' content='ocr_page ocr_carea ocr_par ocr_line ocrx_word'/>
</head>
<body>
  <div class='ocr_page' id='page_1' title='image "./registrumepisco01innegoog_0476.png"; bbox 0 0 4088 5430; ppageno 0'>
   <div class='ocr_carea' id='block_1_1' title="bbox 357 610 1708 717">
    <p class='ocr_par' dir='ltr' id='par_1_1' title="bbox 357 610 1708 717">
     <span class='ocr_line' id='line_1_1' title="bbox 357 610 1708 717; baseline -0.003 -23"><span class='ocrx_word' id='word_1_1' title='bbox 357 625 428 694; x_wconf 82' lang='lat'>336</span> <span class='ocrx_word' id='word_1_2' title='bbox 568 610 572 620; x_wconf 78' lang='grc'>’</span> <span class='ocrx_word' id='word_1_3' title='bbox 876 622 1183 697; x_wconf 86' lang='lat' dir='ltr'><strong>REGISTRUM</strong></span> <span class='ocrx_word' id='word_1_4' title='bbox 1551 622 1708 717; x_wconf 78' lang='lat' dir='ltr'>[sucum</span> 
     </span>
    </p>
   </div>
   <div class='ocr_carea' id='block_1_2' title="bbox 350 817 1708 2912">
    <p class='ocr_par' dir='ltr' id='par_1_2' title="bbox 350 817 1708 2912">
     <span class='ocr_line' id='line_1_2' title="bbox 357 817 1708 916; baseline -0.002 -27"><span class='ocrx_word' id='word_1_5' title='bbox 357 819 470 889; x_wconf 86' lang='lat' dir='ltr'>tercio</span> <span class='ocrx_word' id='word_1_6' title='bbox 498 817 696 892; x_wconf 86' lang='lat' dir='ltr'>fecillemus</span> <span class='ocrx_word' id='word_1_7' title='bbox 726 821 771 891; x_wconf 89' lang='lat' dir='ltr'>de</span> <span class='ocrx_word' id='word_1_8' title='bbox 798 823 907 891; x_wconf 89' lang='lat' dir='ltr'>certis</span> <span class='ocrx_word' id='word_1_9' title='bbox 936 822 1137 892; x_wconf 82' lang='lat' dir='ltr'>redditibus</span> <span class='ocrx_word' id='word_1_10' title='bbox 1167 830 1205 892; x_wconf 89' lang='lat' dir='ltr'>et</span> <span class='ocrx_word' id='word_1_11' title='bbox 1235 823 1346 894; x_wconf 89' lang='lat' dir='ltr'>firmis</span> <span class='ocrx_word' id='word_1_12' title='bbox 1374 822 1581 916; x_wconf 87' lang='lat' dir='ltr'>burgalibus</span> <span class='ocrx_word' id='word_1_13' title='bbox 1612 818 1708 888; x_wconf 86' lang='lat' dir='ltr'>infra</span> 
     </span>
     <span class='ocr_line' id='line_1_3' title="bbox 356 927 1708 1026; baseline -0.001 -27"><span class='ocrx_word' id='word_1_14' title='bbox 356 930 511 1024; x_wconf 87' lang='lat' dir='ltr'>burgum</span> <span class='ocrx_word' id='word_1_15' title='bbox 537 927 694 1000; x_wconf 91' lang='lat' dir='ltr'>nostrum</span> <span class='ocrx_word' id='word_1_16' title='bbox 715 933 760 1002; x_wconf 92' lang='lat' dir='ltr'>de</span> <span class='ocrx_word' id='word_1_17' title='bbox 777 930 973 1002; x_wconf 90' lang='lat' dir='ltr'>Aberdene</span> <span class='ocrx_word' id='word_1_18' title='bbox 997 942 1035 1002; x_wconf 92' lang='lat' dir='ltr'>et</span> <span class='ocrx_word' id='word_1_19' title='bbox 1061 942 1165 1004; x_wconf 88' lang='lat' dir='ltr'>extra</span> <span class='ocrx_word' id='word_1_20' title='bbox 1190 934 1234 1003; x_wconf 90' lang='lat' dir='ltr'>ad</span> <span class='ocrx_word' id='word_1_21' title='bbox 1262 932 1438 1003; x_wconf 85' lang='lat' dir='ltr'>summam</span> <span class='ocrx_word' id='word_1_22' title='bbox 1456 931 1585 1026; x_wconf 82' lang='lat' dir='ltr'>viginti</span> <span class='ocrx_word' id='word_1_23' title='bbox 1610 950 1708 999; x_wconf 91' lang='lat' dir='ltr'>mer·</span> 
     </span>
     <span class='ocr_line' id='line_1_4' title="bbox 358 1038 1705 1138; baseline -0.002 -28"><span class='ocrx_word' id='word_1_24' title='bbox 358 1064 479 1111; x_wconf 88' lang='lat' dir='ltr'>carum</span> <span class='ocrx_word' id='word_1_25' title='bbox 505 1043 550 1112; x_wconf 91' lang='lat' dir='ltr'>ad</span> <span class='ocrx_word' id='word_1_26' title='bbox 576 1039 786 1114; x_wconf 89' lang='lat' dir='ltr'>instanciam</span> <span class='ocrx_word' id='word_1_27' title='bbox 813 1042 935 1113; x_wconf 74' lang='lat' dir='ltr'>dilecti</span> <span class='ocrx_word' id='word_1_28' title='bbox 961 1043 1082 1114; x_wconf 89' lang='lat' dir='ltr'>clerici</span> <span class='ocrx_word' id='word_1_29' title='bbox 1110 1039 1219 1114; x_wconf 88' lang='lat' dir='ltr'>nostri</span> <span class='ocrx_word' id='word_1_30' title='bbox 1245 1040 1405 1138; x_wconf 82' lang='lat' dir='ltr'>magistri</span> <span class='ocrx_word' id='word_1_31' title='bbox 1431 1042 1581 1114; x_wconf 86' lang='lat' dir='ltr'>Andree</span> <span class='ocrx_word' id='word_1_32' title='bbox 1607 1038 1705 1111; x_wconf 89' lang='lat' dir='ltr'>Liell</span> 
     </span>
     <span class='ocr_line' id='line_1_5' title="bbox 357 1149 1705 1246; baseline 0 -26"><span class='ocrx_word' id='word_1_33' title='bbox 357 1150 564 1245; x_wconf 88' lang='lat' dir='ltr'>thesaurarij</span> <span class='ocrx_word' id='word_1_34' title='bbox 602 1149 870 1224; x_wconf 82' lang='lat' dir='ltr'>Aberdonensrs</span> <span class='ocrx_word' id='word_1_35' title='bbox 905 1151 1120 1246; x_wconf 88' lang='lat' dir='ltr'>easdemque</span> <span class='ocrx_word' id='word_1_36' title='bbox 1155 1156 1367 1225; x_wconf 81' lang='lat' dir='ltr'>donationes</span> <span class='ocrx_word' id='word_1_37' title='bbox 1398 1150 1638 1225; x_wconf 86' lang='lat' dir='ltr'>conceffiones</span> <span class='ocrx_word' id='word_1_38' title='bbox 1665 1159 1705 1222; x_wconf 89' lang='lat' dir='ltr'>et</span> 
     </span>
     <span class='ocr_line' id='line_1_6' title="bbox 356 1261 1701 1357; baseline -0.001 -25"><span class='ocrx_word' id='word_1_39' title='bbox 356 1265 652 1335; x_wconf 85' lang='lat' dir='ltr'>mortificationes</span> <span class='ocrx_word' id='word_1_40' title='bbox 693 1265 889 1357; x_wconf 88' lang='lat' dir='ltr'>capellanis</span> <span class='ocrx_word' id='word_1_41' title='bbox 923 1261 1073 1336; x_wconf 82' lang='lat' dir='ltr'>ecclelia</span> <span class='ocrx_word' id='word_1_42' title='bbox 1099 1266 1315 1336; x_wconf 90' lang='lat' dir='ltr'>cathedralis</span> <span class='ocrx_word' id='word_1_43' title='bbox 1350 1273 1388 1335; x_wconf 91' lang='lat' dir='ltr'>et</span> <span class='ocrx_word' id='word_1_44' title='bbox 1418 1265 1515 1336; x_wconf 89' lang='lat' dir='ltr'>beati</span> <span class='ocrx_word' id='word_1_45' title='bbox 1551 1263 1701 1355; x_wconf 85' lang='lat' dir='ltr'>Nycho-</span> 
     </span>
     <span class='ocr_line' id='line_1_7' title="bbox 357 1372 1701 1470; baseline 0.004 -29"><span class='ocrx_word' id='word_1_46' title='bbox 357 1372 403 1444; x_wconf 90' lang='lat' dir='ltr'>lai</span> <span class='ocrx_word' id='word_1_47' title='bbox 438 1375 541 1469; x_wconf 82' lang='lat' dir='ltr'>burgi</span> <span class='ocrx_word' id='word_1_48' title='bbox 567 1374 677 1445; x_wconf 88' lang='lat' dir='ltr'>nostri</span> <span class='ocrx_word' id='word_1_49' title='bbox 712 1377 885 1446; x_wconf 72' lang='lat' dir='ltr'>antedicti</span> <span class='ocrx_word' id='word_1_50' title='bbox 917 1374 1124 1447; x_wconf 85' lang='lat' dir='ltr'>contulillet</span> <span class='ocrx_word' id='word_1_51' title='bbox 1155 1372 1497 1470; x_wconf 79' lang='lat' dir='ltr'>[contulillemusi]</span> <span class='ocrx_word' id='word_1_52' title='bbox 1528 1385 1637 1468; x_wconf 89' lang='lat' dir='ltr'>prout</span> <span class='ocrx_word' id='word_1_53' title='bbox 1662 1378 1701 1446; x_wconf 90' lang='lat' dir='ltr'>in</span> 
     </span>
     <span class='ocr_line' id='line_1_8' title="bbox 357 1481 1705 1578; baseline 0.004 -25"><span class='ocrx_word' id='word_1_54' title='bbox 357 1481 489 1555; x_wconf 89' lang='lat' dir='ltr'>eisdem</span> <span class='ocrx_word' id='word_1_55' title='bbox 521 1487 634 1557; x_wconf 89' lang='lat' dir='ltr'>literis</span> <span class='ocrx_word' id='word_1_56' title='bbox 661 1484 812 1578; x_wconf 78' lang='lat' dir='ltr'>desuper</span> <span class='ocrx_word' id='word_1_57' title='bbox 837 1488 1008 1557; x_wconf 76' lang='lat' dir='ltr'>conicitis</span> <span class='ocrx_word' id='word_1_58' title='bbox 1037 1488 1171 1557; x_wconf 89' lang='lat' dir='ltr'>dicitur</span> <span class='ocrx_word' id='word_1_59' title='bbox 1195 1489 1399 1558; x_wconf 87' lang='lat' dir='ltr'>contineri·</span> <span class='ocrx_word' id='word_1_60' title='bbox 1428 1527 1436 1542; x_wconf 91' lang='lat'><strong>·</strong></span> <span class='ocrx_word' id='word_1_61' title='bbox 1465 1485 1543 1557; x_wconf 88' lang='lat' dir='ltr'>·Et</span> <span class='ocrx_word' id='word_1_62' title='bbox 1568 1485 1656 1559; x_wconf 89' lang='lat' dir='ltr'>licet</span> <span class='ocrx_word' id='word_1_63' title='bbox 1682 1512 1705 1558; x_wconf 90' lang='lat' dir='ltr'>a</span> 
     </span>
     <span class='ocr_line' id='line_1_9' title="bbox 356 1594 1705 1687; baseline 0.004 -23"><span class='ocrx_word' id='word_1_64' title='bbox 356 1595 539 1666; x_wconf 80' lang='lat' dir='ltr'>nonnullis</span> <span class='ocrx_word' id='word_1_65' title='bbox 564 1597 753 1667; x_wconf 91' lang='lat' dir='ltr'>dubitatur</span> <span class='ocrx_word' id='word_1_66' title='bbox 778 1597 872 1687; x_wconf 92' lang='lat' dir='ltr'>quod</span> <span class='ocrx_word' id='word_1_67' title='bbox 903 1595 1106 1667; x_wconf 87' lang='lat' dir='ltr'>huiusmodi</span> <span class='ocrx_word' id='word_1_68' title='bbox 1134 1599 1280 1669; x_wconf 90' lang='lat' dir='ltr'>donatio</span> <span class='ocrx_word' id='word_1_69' title='bbox 1307 1595 1482 1669; x_wconf 89' lang='lat' dir='ltr'>conceffio</span> <span class='ocrx_word' id='word_1_70' title='bbox 1507 1594 1583 1670; x_wconf 85' lang='lat' dir='ltr'>fine</span> <span class='ocrx_word' id='word_1_71' title='bbox 1608 1622 1705 1670; x_wconf 90' lang='lat' dir='ltr'>mor-</span> 
     </span>
     <span class='ocr_line' id='line_1_10' title="bbox 356 1705 1703 1802; baseline 0.006 -28"><span class='ocrx_word' id='word_1_72' title='bbox 356 1705 506 1776; x_wconf 88' lang='lat' dir='ltr'>tificatio</span> <span class='ocrx_word' id='word_1_73' title='bbox 541 1709 668 1778; x_wconf 88' lang='lat' dir='ltr'>cedere</span> <span class='ocrx_word' id='word_1_74' title='bbox 703 1705 825 1800; x_wconf 87' lang='lat' dir='ltr'>postea</span> <span class='ocrx_word' id='word_1_75' title='bbox 859 1706 977 1800; x_wconf 88' lang='lat' dir='ltr'>potest</span> <span class='ocrx_word' id='word_1_76' title='bbox 1012 1709 1049 1778; x_wconf 94' lang='lat' dir='ltr'>in</span> <span class='ocrx_word' id='word_1_77' title='bbox 1084 1710 1321 1801; x_wconf 89' lang='lat' dir='ltr'>preiudicium</span> <span class='ocrx_word' id='word_1_78' title='bbox 1363 1710 1467 1781; x_wconf 75' lang='lat' dir='ltr'>dictis</span> <span class='ocrx_word' id='word_1_79' title='bbox 1506 1710 1703 1802; x_wconf 89' lang='lat' dir='ltr'>capellanis</span> 
     </span>
     <span class='ocr_line' id='line_1_11' title="bbox 354 1815 1704 1913; baseline 0.004 -26"><span class='ocrx_word' id='word_1_80' title='bbox 354 1815 538 1908; x_wconf 89' lang='lat' dir='ltr'>utriusque</span> <span class='ocrx_word' id='word_1_81' title='bbox 564 1815 713 1889; x_wconf 74' lang='lat' dir='ltr'>ecclesie</span> <span class='ocrx_word' id='word_1_82' title='bbox 738 1821 775 1888; x_wconf 91' lang='lat' dir='ltr'>in</span> <span class='ocrx_word' id='word_1_83' title='bbox 803 1819 998 1911; x_wconf 89' lang='lat' dir='ltr'>dampnum</span> <span class='ocrx_word' id='word_1_84' title='bbox 1025 1828 1064 1889; x_wconf 87' lang='lat' dir='ltr'>et</span> <span class='ocrx_word' id='word_1_85' title='bbox 1088 1842 1283 1913; x_wconf 86' lang='lat' dir='ltr'>grauamen</span> <span class='ocrx_word' id='word_1_86' title='bbox 1303 1829 1341 1889; x_wconf 92' lang='lat' dir='ltr'>et</span> <span class='ocrx_word' id='word_1_87' title='bbox 1357 1816 1610 1891; x_wconf 83' lang='lat' dir='ltr'>succelloribus</span> <span class='ocrx_word' id='word_1_88' title='bbox 1631 1819 1704 1892; x_wconf 86' lang='lat' dir='ltr'>suis</span> 
     </span>
     <span class='ocr_line' id='line_1_12' title="bbox 354 1925 1703 2004; baseline 0.006 -8"><span class='ocrx_word' id='word_1_89' title='bbox 354 1928 449 1998; x_wconf 70' lang='lat' dir='ltr'>faita</span> <span class='ocrx_word' id='word_1_90' title='bbox 474 1931 511 1998; x_wconf 93' lang='lat' dir='ltr'>in</span> <span class='ocrx_word' id='word_1_91' title='bbox 538 1925 657 1999; x_wconf 90' lang='lat' dir='ltr'>nostra</span> <span class='ocrx_word' id='word_1_92' title='bbox 682 1938 841 1999; x_wconf 90' lang='lat' dir='ltr'>tenera·</span> <span class='ocrx_word' id='word_1_93' title='bbox 868 1938 967 2000; x_wconf 86' lang='lat' dir='ltr'>etate</span> <span class='ocrx_word' id='word_1_94' title='bbox 993 1952 1039 1999; x_wconf 93' lang='lat' dir='ltr'>ne</span> <span class='ocrx_word' id='word_1_95' title='bbox 1070 1927 1264 2001; x_wconf 77' lang='lat' dir='ltr'>elemosina</span> <span class='ocrx_word' id='word_1_96' title='bbox 1290 1932 1434 2002; x_wconf 89' lang='lat' dir='ltr'>deficiat</span> <span class='ocrx_word' id='word_1_97' title='bbox 1451 1929 1509 2003; x_wconf 90' lang='lat' dir='ltr'>sed</span> <span class='ocrx_word' id='word_1_98' title='bbox 1537 1933 1703 2004; x_wconf 91' lang='lat' dir='ltr'>debitum</span> 
     </span>
     <span class='ocr_line' id='line_1_13' title="bbox 352 2036 1703 2136; baseline 0.005 -27"><span class='ocrx_word' id='word_1_99' title='bbox 352 2036 522 2131; x_wconf 88' lang='lat' dir='ltr'>sequatur</span> <span class='ocrx_word' id='word_1_100' title='bbox 547 2038 715 2110; x_wconf 62' lang='lat' dir='ltr'>effectum</span> <span class='ocrx_word' id='word_1_101' title='bbox 733 2049 771 2110; x_wconf 92' lang='lat' dir='ltr'>et</span> <span class='ocrx_word' id='word_1_102' title='bbox 788 2038 955 2133; x_wconf 85' lang='lat' dir='ltr'>suffragia</span> <span class='ocrx_word' id='word_1_103' title='bbox 971 2049 1008 2109; x_wconf 87' lang='lat' dir='ltr'>et</span> <span class='ocrx_word' id='word_1_104' title='bbox 1026 2043 1206 2111; x_wconf 89' lang='lat' dir='ltr'>orationes</span> <span class='ocrx_word' id='word_1_105' title='bbox 1223 2065 1287 2134; x_wconf 90' lang='lat' dir='ltr'>per</span> <span class='ocrx_word' id='word_1_106' title='bbox 1304 2043 1417 2113; x_wconf 72' lang='lat' dir='ltr'>dicos</span> <span class='ocrx_word' id='word_1_107' title='bbox 1434 2043 1646 2136; x_wconf 13' lang='lat' dir='ltr'>*capellanos</span> <span class='ocrx_word' id='word_1_108' title='bbox 1664 2055 1703 2116; x_wconf 86' lang='lat' dir='ltr'>et</span> 
     </span>
     <span class='ocr_line' id='line_1_14' title="bbox 353 2146 1702 2242; baseline 0.004 -21"><span class='ocrx_word' id='word_1_109' title='bbox 353 2147 564 2221; x_wconf 86' lang='lat' dir='ltr'>succellores</span> <span class='ocrx_word' id='word_1_110' title='bbox 581 2148 661 2221; x_wconf 86' lang='lat' dir='ltr'>suos</span> <span class='ocrx_word' id='word_1_111' title='bbox 678 2146 864 2242; x_wconf 90' lang='lat' dir='ltr'>stipendiis</span> <span class='ocrx_word' id='word_1_112' title='bbox 882 2149 952 2220; x_wconf 89' lang='lat' dir='ltr'>suis</span> <span class='ocrx_word' id='word_1_113' title='bbox 970 2161 1116 2222; x_wconf 85' lang='lat' dir='ltr'>careant</span> <span class='ocrx_word' id='word_1_114' title='bbox 1141 2154 1179 2221; x_wconf 90' lang='lat' dir='ltr'>in</span> <span class='ocrx_word' id='word_1_115' title='bbox 1206 2154 1349 2223; x_wconf 61' lang='lat' dir='ltr'>defedu</span> <span class='ocrx_word' id='word_1_116' title='bbox 1375 2151 1563 2225; x_wconf 77' lang='lat' dir='ltr'>solutionis</span> <span class='ocrx_word' id='word_1_117' title='bbox 1579 2165 1618 2226; x_wconf 91' lang='lat' dir='ltr'>et</span> <span class='ocrx_word' id='word_1_118' title='bbox 1635 2179 1702 2226; x_wconf 75' lang='lat' dir='ltr'>nos</span> 
     </span>
     <span class='ocr_line' id='line_1_15' title="bbox 353 2257 1702 2356; baseline 0.002 -22"><span class='ocrx_word' id='word_1_119' title='bbox 353 2272 391 2334; x_wconf 86' lang='lat' dir='ltr'>et</span> <span class='ocrx_word' id='word_1_120' title='bbox 401 2259 612 2333; x_wconf 86' lang='lat' dir='ltr'>succellores</span> <span class='ocrx_word' id='word_1_121' title='bbox 625 2257 735 2331; x_wconf 89' lang='lat' dir='ltr'>nostri</span> <span class='ocrx_word' id='word_1_122' title='bbox 747 2262 1001 2332; x_wconf 85' lang='lat' dir='ltr'>defraudemur</span> <span class='ocrx_word' id='word_1_123' title='bbox 1013 2264 1051 2331; x_wconf 94' lang='lat' dir='ltr'>in</span> <span class='ocrx_word' id='word_1_124' title='bbox 1064 2260 1239 2356; x_wconf 87' lang='lat' dir='ltr'>suffragiis</span> <span class='ocrx_word' id='word_1_125' title='bbox 1253 2274 1290 2334; x_wconf 87' lang='lat' dir='ltr'>et</span> <span class='ocrx_word' id='word_1_126' title='bbox 1304 2266 1526 2335; x_wconf 90' lang='lat' dir='ltr'>orationibus</span> <span class='ocrx_word' id='word_1_127' title='bbox 1539 2266 1702 2338; x_wconf 90' lang='lat' dir='ltr'>deuotis·</span> 
     </span>
     <span class='ocr_line' id='line_1_16' title="bbox 352 2369 1703 2451; baseline 0.005 -8"><span class='ocrx_word' id='word_1_128' title='bbox 352 2372 493 2445; x_wconf 87' lang='lat' dir='ltr'>easdem</span> <span class='ocrx_word' id='word_1_129' title='bbox 520 2369 761 2445; x_wconf 87' lang='lat' dir='ltr'>conceffiones</span> <span class='ocrx_word' id='word_1_130' title='bbox 787 2374 998 2443; x_wconf 88' lang='lat' dir='ltr'>donationes</span> <span class='ocrx_word' id='word_1_131' title='bbox 1017 2382 1054 2443; x_wconf 91' lang='lat' dir='ltr'>et</span> <span class='ocrx_word' id='word_1_132' title='bbox 1072 2375 1367 2447; x_wconf 89' lang='lat' dir='ltr'>mortificationes</span> <span class='ocrx_word' id='word_1_133' title='bbox 1384 2378 1421 2447; x_wconf 94' lang='lat' dir='ltr'>in</span> <span class='ocrx_word' id='word_1_134' title='bbox 1440 2377 1606 2448; x_wconf 88' lang='lat' dir='ltr'>omnibus</span> <span class='ocrx_word' id='word_1_135' title='bbox 1630 2376 1703 2451; x_wconf 86' lang='lat' dir='ltr'>suis</span> 
     </span>
     <span class='ocr_line' id='line_1_17' title="bbox 351 2483 1702 2582; baseline 0.005 -28"><span class='ocrx_word' id='word_1_136' title='bbox 351 2486 493 2576; x_wconf 66' lang='lat' dir='ltr'>punicis</span> <span class='ocrx_word' id='word_1_137' title='bbox 511 2493 549 2554; x_wconf 91' lang='lat' dir='ltr'>et</span> <span class='ocrx_word' id='word_1_138' title='bbox 572 2483 733 2554; x_wconf 87' lang='lat' dir='ltr'>articulis</span> <span class='ocrx_word' id='word_1_139' title='bbox 757 2492 893 2553; x_wconf 85' lang='lat' dir='ltr'>extunc</span> <span class='ocrx_word' id='word_1_140' title='bbox 916 2493 1024 2576; x_wconf 89' lang='lat' dir='ltr'>prout</span> <span class='ocrx_word' id='word_1_141' title='bbox 1047 2507 1192 2555; x_wconf 87' lang='lat' dir='ltr'>exnunc</span> <span class='ocrx_word' id='word_1_142' title='bbox 1216 2487 1454 2578; x_wconf 86' lang='lat' dir='ltr'>approbamus</span> <span class='ocrx_word' id='word_1_143' title='bbox 1480 2488 1702 2582; x_wconf 86' lang='lat' dir='ltr'>ratificamus</span> 
     </span>
     <span class='ocr_line' id='line_1_18' title="bbox 351 2594 1702 2672; baseline 0.005 -7"><span class='ocrx_word' id='word_1_144' title='bbox 351 2605 390 2665; x_wconf 92' lang='lat' dir='ltr'>et</span> <span class='ocrx_word' id='word_1_145' title='bbox 407 2597 453 2666; x_wconf 92' lang='lat' dir='ltr'>ad</span> <span class='ocrx_word' id='word_1_146' title='bbox 470 2618 618 2667; x_wconf 90' lang='lat' dir='ltr'>manum</span> <span class='ocrx_word' id='word_1_147' title='bbox 635 2603 815 2665; x_wconf 90' lang='lat' dir='ltr'>mortuam</span> <span class='ocrx_word' id='word_1_148' title='bbox 833 2595 1086 2666; x_wconf 88' lang='lat' dir='ltr'>confirmamus</span> <span class='ocrx_word' id='word_1_149' title='bbox 1106 2637 1113 2653; x_wconf 92' lang='lat'><strong>·</strong></span> <span class='ocrx_word' id='word_1_150' title='bbox 1133 2632 1141 2650; x_wconf 91' lang='lat'><strong>·</strong></span> <span class='ocrx_word' id='word_1_151' title='bbox 1160 2635 1167 2651; x_wconf 94' lang='lat'><strong>·</strong></span> <span class='ocrx_word' id='word_1_152' title='bbox 1189 2594 1326 2666; x_wconf 91' lang='lat' dir='ltr'>Datum</span> <span class='ocrx_word' id='word_1_153' title='bbox 1344 2595 1409 2668; x_wconf 91' lang='lat' dir='ltr'>sub</span> <span class='ocrx_word' id='word_1_154' title='bbox 1426 2595 1545 2668; x_wconf 90' lang='lat' dir='ltr'>nostro</span> <span class='ocrx_word' id='word_1_155' title='bbox 1562 2596 1702 2672; x_wconf 87' lang='lat' dir='ltr'>secreto</span> 
     </span>
     <span class='ocr_line' id='line_1_19' title="bbox 351 2704 1701 2800; baseline 0.004 -24"><span class='ocrx_word' id='word_1_156' title='bbox 351 2704 466 2800; x_wconf 78' lang='lat' dir='ltr'>sigillo</span> <span class='ocrx_word' id='word_1_157' title='bbox 492 2708 587 2799; x_wconf 90' lang='lat' dir='ltr'>apud</span> <span class='ocrx_word' id='word_1_158' title='bbox 614 2705 848 2799; x_wconf 85' lang='lat' dir='ltr'>Edinburghe</span> <span class='ocrx_word' id='word_1_159' title='bbox 872 2706 1012 2777; x_wconf 92' lang='lat' dir='ltr'>decimo</span> <span class='ocrx_word' id='word_1_160' title='bbox 1038 2708 1166 2799; x_wconf 91' lang='lat' dir='ltr'>quinto</span> <span class='ocrx_word' id='word_1_161' title='bbox 1191 2705 1280 2799; x_wconf 88' lang='lat' dir='ltr'>Julij</span> <span class='ocrx_word' id='word_1_162' title='bbox 1300 2729 1373 2777; x_wconf 62' lang='lat' dir='ltr'>nn.</span> <span class='ocrx_word' id='word_1_163' title='bbox 1392 2728 1633 2781; x_wconf 81' lang='lat' dir='ltr'>m.cccc.xcvl</span> <span class='ocrx_word' id='word_1_164' title='bbox 1660 2722 1701 2783; x_wconf 92' lang='lat' dir='ltr'>et</span> 
     </span>
     <span class='ocr_line' id='line_1_20' title="bbox 350 2814 721 2912; baseline -0.003 -25"><span class='ocrx_word' id='word_1_165' title='bbox 350 2820 452 2912; x_wconf 83' lang='lat' dir='ltr'>regni</span> <span class='ocrx_word' id='word_1_166' title='bbox 470 2814 580 2888; x_wconf 91' lang='lat' dir='ltr'>nostri</span> <span class='ocrx_word' id='word_1_167' title='bbox 599 2840 694 2887; x_wconf 94' lang='lat' dir='ltr'>nono</span> <span class='ocrx_word' id='word_1_168' title='bbox 713 2871 721 2886; x_wconf 93' lang='lat'><strong>.</strong></span> 
     </span>
    </p>
   </div>
   <div class='ocr_carea' id='block_1_3' title="bbox 351 3152 1323 3226">
    <p class='ocr_par' dir='ltr' id='par_1_3' title="bbox 351 3152 1323 3226">
     <span class='ocr_line' id='line_1_21' title="bbox 351 3152 1323 3226; baseline 0 -1"><span class='ocrx_word' id='word_1_169' title='bbox 351 3153 461 3225; x_wconf 84' lang='lat' dir='ltr'>Carta</span> <span class='ocrx_word' id='word_1_170' title='bbox 477 3152 654 3225; x_wconf 89' lang='lat' dir='ltr'>Johannis</span> <span class='ocrx_word' id='word_1_171' title='bbox 672 3154 826 3225; x_wconf 82' lang='lat' dir='ltr'>Cullane</span> <span class='ocrx_word' id='word_1_172' title='bbox 844 3157 937 3226; x_wconf 76' lang='lat' dir='ltr'>faita</span> <span class='ocrx_word' id='word_1_173' title='bbox 955 3152 1133 3225; x_wconf 87' lang='lat' dir='ltr'>Duncano</span> <span class='ocrx_word' id='word_1_174' title='bbox 1152 3152 1323 3225; x_wconf 89' lang='lat' dir='ltr'>Scherar·</span> 
     </span>
    </p>
   </div>
   <div class='ocr_carea' id='block_1_4' title="bbox 348 3352 1698 4468">
    <p class='ocr_par' dir='ltr' id='par_1_4' title="bbox 348 3352 1698 4468">
     <span class='ocr_line' id='line_1_22' title="bbox 348 3352 1698 3470; baseline 0.001 -22"><span class='ocrx_word' id='word_1_175' title='bbox 348 3352 381 3449; x_wconf 83' lang='lat' dir='ltr'>J</span> <span class='ocrx_word' id='word_1_176' title='bbox 386 3378 544 3448; x_wconf 90' lang='lat' dir='ltr'>ohannes</span> <span class='ocrx_word' id='word_1_177' title='bbox 562 3375 715 3447; x_wconf 84' lang='lat' dir='ltr'>Cullane</span> <span class='ocrx_word' id='word_1_178' title='bbox 741 3371 926 3469; x_wconf 77' lang='lat' dir='ltr'>burgensis</span> <span class='ocrx_word' id='word_1_179' title='bbox 952 3376 1056 3470; x_wconf 85' lang='lat' dir='ltr'>burgi</span> <span class='ocrx_word' id='word_1_180' title='bbox 1082 3377 1127 3447; x_wconf 89' lang='lat' dir='ltr'>de</span> <span class='ocrx_word' id='word_1_181' title='bbox 1154 3375 1327 3446; x_wconf 90' lang='lat' dir='ltr'>Aberden</span> <span class='ocrx_word' id='word_1_182' title='bbox 1346 3417 1353 3433; x_wconf 94' lang='lat'><strong>·</strong></span> <span class='ocrx_word' id='word_1_183' title='bbox 1375 3415 1383 3432; x_wconf 90' lang='lat'><strong>·</strong></span> <span class='ocrx_word' id='word_1_184' title='bbox 1402 3417 1410 3432; x_wconf 93' lang='lat'><strong>·</strong></span> <span class='ocrx_word' id='word_1_185' title='bbox 1431 3376 1619 3448; x_wconf 91' lang='lat' dir='ltr'>Noueritis</span> <span class='ocrx_word' id='word_1_186' title='bbox 1636 3401 1698 3451; x_wconf 89' lang='lat' dir='ltr'>me</span> 
     </span>
     <span class='ocr_line' id='line_1_23' title="bbox 350 3482 1696 3580; baseline 0.004 -24"><span class='ocrx_word' id='word_1_187' title='bbox 350 3529 359 3545; x_wconf 88' lang='lat'><strong>·</strong></span> <span class='ocrx_word' id='word_1_188' title='bbox 379 3528 387 3544; x_wconf 91' lang='lat'><strong>·</strong></span> <span class='ocrx_word' id='word_1_189' title='bbox 407 3528 415 3545; x_wconf 86' lang='lat'><strong>·</strong></span> <span class='ocrx_word' id='word_1_190' title='bbox 435 3483 632 3557; x_wconf 85' lang='lat' dir='ltr'>vendidille</span> <span class='ocrx_word' id='word_1_191' title='bbox 650 3482 818 3580; x_wconf 85' lang='lat' dir='ltr'>magistro</span> <span class='ocrx_word' id='word_1_192' title='bbox 837 3485 1015 3557; x_wconf 88' lang='lat' dir='ltr'>Duncano</span> <span class='ocrx_word' id='word_1_193' title='bbox 1034 3484 1188 3557; x_wconf 84' lang='lat' dir='ltr'>Scherar</span> <span class='ocrx_word' id='word_1_194' title='bbox 1204 3489 1376 3557; x_wconf 88' lang='lat' dir='ltr'>canonico</span> <span class='ocrx_word' id='word_1_195' title='bbox 1395 3485 1636 3558; x_wconf 82' lang='lat' dir='ltr'>Abirdonenfi</span> <span class='ocrx_word' id='word_1_196' title='bbox 1653 3512 1696 3562; x_wconf 89' lang='lat' dir='ltr'>ac</span> 
     </span>
     <span class='ocr_line' id='line_1_24' title="bbox 349 3594 1695 3672; baseline -0.001 -3"><span class='ocrx_word' id='word_1_197' title='bbox 349 3598 479 3672; x_wconf 69' lang='lat' dir='ltr'>rectori</span> <span class='ocrx_word' id='word_1_198' title='bbox 498 3600 542 3669; x_wconf 93' lang='lat' dir='ltr'>de</span> <span class='ocrx_word' id='word_1_199' title='bbox 560 3597 645 3668; x_wconf 87' lang='lat' dir='ltr'>Clat</span> <span class='ocrx_word' id='word_1_200' title='bbox 663 3637 671 3652; x_wconf 94' lang='lat'><strong>·</strong></span> <span class='ocrx_word' id='word_1_201' title='bbox 690 3637 698 3652; x_wconf 93' lang='lat'><strong>·</strong></span> <span class='ocrx_word' id='word_1_202' title='bbox 718 3637 725 3653; x_wconf 94' lang='lat'><strong>·</strong></span> <span class='ocrx_word' id='word_1_203' title='bbox 746 3619 905 3667; x_wconf 89' lang='lat' dir='ltr'>annuum</span> <span class='ocrx_word' id='word_1_204' title='bbox 933 3597 1113 3667; x_wconf 90' lang='lat' dir='ltr'>redditum</span> <span class='ocrx_word' id='word_1_205' title='bbox 1135 3620 1257 3667; x_wconf 92' lang='lat' dir='ltr'>meum</span> <span class='ocrx_word' id='word_1_206' title='bbox 1276 3598 1398 3668; x_wconf 88' lang='lat' dir='ltr'>decem</span> <span class='ocrx_word' id='word_1_207' title='bbox 1417 3594 1609 3668; x_wconf 91' lang='lat' dir='ltr'>solidorum</span> <span class='ocrx_word' id='word_1_208' title='bbox 1628 3643 1637 3658; x_wconf 89' lang='lat'><strong>·</strong></span> <span class='ocrx_word' id='word_1_209' title='bbox 1657 3640 1665 3655; x_wconf 91' lang='lat'><strong>·</strong></span> <span class='ocrx_word' id='word_1_210' title='bbox 1687 3641 1695 3657; x_wconf 90' lang='lat'><strong>·</strong></span> 
     </span>
     <span class='ocr_line' id='line_1_25' title="bbox 350 3706 1695 3800; baseline 0.001 -21"><span class='ocrx_word' id='word_1_211' title='bbox 350 3710 543 3781; x_wconf 90' lang='lat' dir='ltr'>leuandum</span> <span class='ocrx_word' id='word_1_212' title='bbox 562 3710 606 3778; x_wconf 91' lang='lat' dir='ltr'>de</span> <span class='ocrx_word' id='word_1_213' title='bbox 624 3709 736 3778; x_wconf 89' lang='lat' dir='ltr'>fundo</span> <span class='ocrx_word' id='word_1_214' title='bbox 751 3723 846 3777; x_wconf 89' lang='lat' dir='ltr'>terre</span> <span class='ocrx_word' id='word_1_215' title='bbox 861 3706 1040 3778; x_wconf 89' lang='lat' dir='ltr'>Willelmi</span> <span class='ocrx_word' id='word_1_216' title='bbox 1054 3707 1267 3779; x_wconf 88' lang='lat' dir='ltr'>Andersone</span> <span class='ocrx_word' id='word_1_217' title='bbox 1278 3710 1434 3800; x_wconf 85' lang='lat' dir='ltr'>jacentis</span> <span class='ocrx_word' id='word_1_218' title='bbox 1447 3709 1540 3780; x_wconf 88' lang='lat' dir='ltr'>infra</span> <span class='ocrx_word' id='word_1_219' title='bbox 1557 3710 1695 3781; x_wconf 65' lang='lat' dir='ltr'>disum</span> 
     </span>
     <span class='ocr_line' id='line_1_26' title="bbox 349 3814 1694 3915; baseline -0.001 -23"><span class='ocrx_word' id='word_1_220' title='bbox 349 3822 503 3915; x_wconf 79' lang='lat' dir='ltr'>burgum</span> <span class='ocrx_word' id='word_1_221' title='bbox 529 3822 566 3890; x_wconf 91' lang='lat' dir='ltr'>in</span> <span class='ocrx_word' id='word_1_222' title='bbox 593 3822 672 3890; x_wconf 88' lang='lat' dir='ltr'>vico</span> <span class='ocrx_word' id='word_1_223' title='bbox 699 3819 867 3889; x_wconf 89' lang='lat' dir='ltr'>inferiore</span> <span class='ocrx_word' id='word_1_224' title='bbox 893 3815 1041 3889; x_wconf 88' lang='lat' dir='ltr'>ecclelie</span> <span class='ocrx_word' id='word_1_225' title='bbox 1063 3842 1109 3889; x_wconf 87' lang='lat' dir='ltr'>ex</span> <span class='ocrx_word' id='word_1_226' title='bbox 1135 3814 1280 3888; x_wconf 88' lang='lat' dir='ltr'>australi</span> <span class='ocrx_word' id='word_1_227' title='bbox 1308 3827 1410 3910; x_wconf 90' lang='lat' dir='ltr'>parte</span> <span class='ocrx_word' id='word_1_228' title='bbox 1436 3816 1596 3889; x_wconf 89' lang='lat' dir='ltr'>eiusdem</span> <span class='ocrx_word' id='word_1_229' title='bbox 1624 3823 1694 3891; x_wconf 89' lang='lat' dir='ltr'>vici</span> 
     </span>
     <span class='ocr_line' id='line_1_27' title="bbox 350 3928 1694 4023; baseline 0.001 -22"><span class='ocrx_word' id='word_1_230' title='bbox 350 3935 445 4002; x_wconf 93' lang='lat' dir='ltr'>inter</span> <span class='ocrx_word' id='word_1_231' title='bbox 470 3941 604 4001; x_wconf 90' lang='lat' dir='ltr'>terram</span> <span class='ocrx_word' id='word_1_232' title='bbox 631 3932 812 4021; x_wconf 90' lang='lat' dir='ltr'>quondam</span> <span class='ocrx_word' id='word_1_233' title='bbox 842 3929 960 4000; x_wconf 92' lang='lat' dir='ltr'>Dauid</span> <span class='ocrx_word' id='word_1_234' title='bbox 994 3928 1144 4023; x_wconf 82' lang='lat' dir='ltr'>Symson</span> <span class='ocrx_word' id='word_1_235' title='bbox 1173 3951 1219 3998; x_wconf 87' lang='lat' dir='ltr'>ex</span> <span class='ocrx_word' id='word_1_236' title='bbox 1246 3928 1461 3999; x_wconf 88' lang='lat' dir='ltr'>occidentali</span> <span class='ocrx_word' id='word_1_237' title='bbox 1487 3953 1532 3999; x_wconf 87' lang='lat' dir='ltr'>ex</span> <span class='ocrx_word' id='word_1_238' title='bbox 1560 3953 1631 4001; x_wconf 87' lang='lat' dir='ltr'>vua</span> <span class='ocrx_word' id='word_1_239' title='bbox 1654 3942 1694 4002; x_wconf 88' lang='lat' dir='ltr'>et</span> 
     </span>
     <span class='ocr_line' id='line_1_28' title="bbox 348 4040 1695 4135; baseline 0 -21"><span class='ocrx_word' id='word_1_240' title='bbox 348 4065 577 4114; x_wconf 90' lang='lat' dir='ltr'>communem</span> <span class='ocrx_word' id='word_1_241' title='bbox 596 4043 690 4112; x_wconf 84' lang='lat' dir='ltr'>riam</span> <span class='ocrx_word' id='word_1_242' title='bbox 708 4043 842 4135; x_wconf 85' lang='lat' dir='ltr'>regiam</span> <span class='ocrx_word' id='word_1_243' title='bbox 861 4064 907 4110; x_wconf 86' lang='lat' dir='ltr'>ex</span> <span class='ocrx_word' id='word_1_244' title='bbox 925 4042 1092 4112; x_wconf 89' lang='lat' dir='ltr'>orientali</span> <span class='ocrx_word' id='word_1_245' title='bbox 1110 4040 1271 4133; x_wconf 88' lang='lat' dir='ltr'>partibus</span> <span class='ocrx_word' id='word_1_246' title='bbox 1287 4040 1334 4111; x_wconf 90' lang='lat' dir='ltr'>ab</span> <span class='ocrx_word' id='word_1_247' title='bbox 1351 4040 1465 4112; x_wconf 90' lang='lat' dir='ltr'>altera</span> <span class='ocrx_word' id='word_1_248' title='bbox 1491 4050 1530 4112; x_wconf 91' lang='lat' dir='ltr'>et</span> <span class='ocrx_word' id='word_1_249' title='bbox 1556 4051 1695 4113; x_wconf 89' lang='lat' dir='ltr'>torren-</span> 
     </span>
     <span class='ocr_line' id='line_1_29' title="bbox 348 4149 1693 4225; baseline 0 -1"><span class='ocrx_word' id='word_1_250' title='bbox 348 4163 424 4224; x_wconf 88' lang='lat' dir='ltr'>tem</span> <span class='ocrx_word' id='word_1_251' title='bbox 455 4177 476 4223; x_wconf 90' lang='lat' dir='ltr'>a</span> <span class='ocrx_word' id='word_1_252' title='bbox 509 4154 688 4224; x_wconf 67' lang='lat' dir='ltr'>conductu</span> <span class='ocrx_word' id='word_1_253' title='bbox 718 4152 1008 4223; x_wconf 91' lang='lat' dir='ltr'>molendinorum</span> <span class='ocrx_word' id='word_1_254' title='bbox 1040 4150 1279 4223; x_wconf 86' lang='lat' dir='ltr'>descendente</span> <span class='ocrx_word' id='word_1_255' title='bbox 1315 4149 1436 4222; x_wconf 88' lang='lat' dir='ltr'>versus</span> <span class='ocrx_word' id='word_1_256' title='bbox 1463 4149 1623 4223; x_wconf 89' lang='lat' dir='ltr'>austrum</span> <span class='ocrx_word' id='word_1_257' title='bbox 1654 4165 1693 4225; x_wconf 88' lang='lat' dir='ltr'>et</span> 
     </span>
     <span class='ocr_line' id='line_1_30' title="bbox 349 4260 1692 4358; baseline -0.003 -20"><span class='ocrx_word' id='word_1_258' title='bbox 349 4287 576 4338; x_wconf 87' lang='lat' dir='ltr'>communem</span> <span class='ocrx_word' id='word_1_259' title='bbox 597 4266 691 4334; x_wconf 81' lang='lat' dir='ltr'>viam</span> <span class='ocrx_word' id='word_1_260' title='bbox 712 4265 848 4357; x_wconf 81' lang='lat' dir='ltr'>regiam</span> <span class='ocrx_word' id='word_1_261' title='bbox 865 4260 986 4334; x_wconf 88' lang='lat' dir='ltr'>versus</span> <span class='ocrx_word' id='word_1_262' title='bbox 1012 4264 1149 4335; x_wconf 90' lang='lat' dir='ltr'>boriam</span> <span class='ocrx_word' id='word_1_263' title='bbox 1168 4303 1175 4319; x_wconf 94' lang='lat'><strong>·</strong></span> <span class='ocrx_word' id='word_1_264' title='bbox 1195 4302 1203 4318; x_wconf 91' lang='lat'><strong>·</strong></span> <span class='ocrx_word' id='word_1_265' title='bbox 1224 4304 1232 4319; x_wconf 87' lang='lat'><strong>·</strong></span> <span class='ocrx_word' id='word_1_266' title='bbox 1252 4261 1364 4355; x_wconf 75' lang='lat' dir='ltr'>Apud</span> <span class='ocrx_word' id='word_1_267' title='bbox 1390 4261 1563 4335; x_wconf 89' lang='lat' dir='ltr'>Aberden</span> <span class='ocrx_word' id='word_1_268' title='bbox 1589 4267 1692 4358; x_wconf 85' lang='lat' dir='ltr'>xxvij</span> 
     </span>
     <span class='ocr_line' id='line_1_31' title="bbox 348 4375 883 4468; baseline -0.011 -20"><span class='ocrx_word' id='word_1_269' title='bbox 348 4375 510 4468; x_wconf 90' lang='lat' dir='ltr'>Januarij</span> <span class='ocrx_word' id='word_1_270' title='bbox 529 4394 601 4444; x_wconf 65' lang='lat' dir='ltr'>nn.</span> <span class='ocrx_word' id='word_1_271' title='bbox 621 4393 883 4446; x_wconf 74' lang='lat' dir='ltr'>necocxcvr·</span> 
     </span>
    </p>
   </div>
   <div class='ocr_carea' id='block_1_5' title="bbox 0 0 2048 5430">
    <p class='ocr_par' dir='ltr' id='par_1_5' title="bbox 0 0 2048 5430">
     <span class='ocr_line' id='line_1_32' title="bbox 0 0 2048 5430; baseline 0 5"><span class='ocrx_word' id='word_1_272' title='bbox 0 0 2048 5430; x_wconf 95' lang='lat' dir='ltr'> </span> 
     </span>
    </p>
   </div>
  </div>
 </body>
</html>
