4088 5430
349 627 421 694 258
864 615 1170 689 REGISTRUM
1535 616 1691 713 [secum

348 819 633 913 indignationem
659 816 916 907 omnipotentis
934 812 1005 886 Dei
1022 824 1060 886 et
1077 816 1266 887 beatorum
1284 815 1384 886 Petri
1401 826 1440 887 et
1459 814 1564 888 Pauli
1589 813 1692 910 apos·

349 931 507 1003 tolonum
527 931 603 1001 eius
620 927 656 998 se
673 929 815 998 nouerit
840 924 1090 997 incursurum·
1109 927 1250 999 Datum
1267 927 1384 998 Rome
1411 929 1506 1022 apud
1529 925 1689 1000 sanciam

351 1043 508 1114 Mariam
526 1041 704 1112 Maiorem
722 1062 816 1110 anno
833 1040 1090 1110 incarnationis
1107 1040 1288 1111 dominice
1314 1037 1504 1111 millefimo
1522 1041 1691 1133 quadrin-

348 1151 546 1250 gentefimo
564 1146 854 1246 quinquagefimo
880 1152 996 1244 primo
1015 1147 1167 1243 septimo
1192 1150 1365 1222 kalendas
1383 1151 1520 1244 Aprilis
1545 1151 1692 1246 pontifi-

350 1277 453 1338 catus
470 1263 580 1337 uostri
597 1288 692 1336 anuo
709 1265 836 1355 quinto
855 1303 863 1318 ·

351 1602 461 1676 Carta
478 1601 641 1673 Edwardi
662 1597 816 1692 Ramsay
832 1599 877 1669 de
894 1595 956 1668 sex
974 1600 1102 1670 marcis
1120 1608 1295 1670 terrarum
1316 1601 1361 1670 de
1376 1595 1563 1671 Vesthalle
1581 1640 1589 1656 ·

352 1804 566 1901 Edwardus
584 1826 629 1896 de
647 1818 801 1914 Ramsay
818 1822 863 1891 de
881 1818 1048 1893 Vesthall
1072 1858 1081 1876 ·
1102 1858 1110 1877 ·
1132 1860 1140 1877 ·
1159 1821 1349 1893 Noueritis
1374 1845 1434 1893 me
1460 1819 1591 1894 dedisse
1613 1863 1621 1881 ·
1646 1863 1654 1880 ·
1679 1863 1687 1882 ·

349 1940 507 2012 Johanni
526 1936 688 2009 Malwile
706 1937 751 2005 de
769 1929 988 2005 Heruistoue
1006 1956 1117 2004 vnum
1135 1957 1298 2005 annuum
1321 1936 1501 2007 redditum
1518 1933 1580 2007 sex
1597 1958 1691 2008 mar·

350 2075 472 2125 carum
490 2089 498 2107 ·
516 2089 524 2106 ·
541 2087 550 2107 ·
567 2047 838 2143 percipiendum
852 2047 897 2116 ad
911 2047 1000 2116 duos
1018 2047 1102 2116 anni
1120 2047 1294 2117 terminos
1312 2086 1321 2104 ·
1339 2085 1373 2104 ··
1393 2048 1439 2118 de
1456 2048 1690 2120 dimedietato

350 2175 526 2239 terrarum
555 2183 716 2232 mearum
745 2160 790 2229 de
807 2154 995 2229 Vesthalle
1019 2197 1027 2214 ·
1051 2198 1059 2215 ·
1083 2199 1091 2214 ·
1111 2158 1230 2242 Quam
1256 2161 1400 2251 quidem
1427 2160 1690 2232 dimidietatem

349 2288 525 2349 terrarum
553 2276 597 2344 de
615 2269 805 2343 Vesthalle
829 2309 837 2326 ·
861 2309 869 2326 ·
895 2267 907 2325 ἒ
931 2269 1035 2341 Idem
1058 2268 1244 2342 Johannes
1271 2271 1448 2343 Malwille
1473 2273 1561 2342 mihi
1588 2273 1690 2344 dedit

349 2390 480 2458 ···in
506 2387 610 2457 feodo
638 2393 676 2455 et
702 2381 905 2453 hereditate
929 2418 937 2434 ·
958 2417 968 2436 ·
989 2418 997 2436 ·
1019 2404 1083 2474 pro
1109 2380 1270 2474 predicto
1296 2407 1415 2454 annuo
1440 2384 1584 2454 redditu
1609 2424 1618 2441 ·
1643 2423 1653 2440 ·
1680 2427 1688 2443 ·

348 2499 560 2571 Tenendum
578 2536 586 2553 ·
607 2535 615 2553 ·
633 2534 641 2550 ·
660 2495 840 2588 integrum
859 2515 1019 2563 annuum
1037 2494 1220 2564 redditum
1238 2492 1299 2566 sex
1317 2518 1515 2566 marcarum
1536 2498 1690 2590 predi&-

348 2635 449 2684 arum
468 2611 513 2680 de
530 2609 670 2702 prefata
687 2606 913 2677 dimidietate
930 2615 1108 2677 terrarum
1126 2607 1171 2677 de
1188 2602 1376 2678 Vesthalle
1395 2646 1403 2664 ·
1421 2645 1429 2661 ·
1446 2646 1454 2663 ·
1472 2609 1510 2678 in
1527 2609 1632 2679 feodo
1651 2621 1690 2680 et

347 2725 550 2798 hereditate
569 2761 577 2778 ·
596 2759 604 2776 ·
622 2757 630 2775 ·
648 2742 731 2791 cum
748 2755 757 2772 ·
775 2756 783 2773 ·
801 2756 809 2773 ·
826 2715 1005 2811 potestate
1019 2717 1266 2789 inhabitantes
1279 2717 1412 2791 dictam
1426 2719 1690 2792 dimidietatem

348 2849 525 2910 terrarum
552 2834 596 2904 de
614 2828 789 2902 Vesthale
814 2853 878 2923 pro
904 2831 998 2901 dicto
1024 2853 1144 2901 annuo
1171 2829 1344 2900 redditu·
1366 2867 1374 2885 ·
1396 2867 1404 2885 ·
1426 2830 1595 2902 uamaudi
1613 2871 1653 2889 ··
1679 2872 1688 2889 ·

347 2949 459 3044 Apud
476 2946 650 3017 Aberden
669 2944 727 3014 die
746 2939 912 3013 vicefimo
929 2940 1086 3014 secundo
1103 2938 1235 3013 menfis
1252 2938 1408 3037 Augusti
1426 2966 1520 3013 anno
1537 2942 1688 3016 Domini

347 3057 536 3133 millesimo
562 3049 914 3150 quadringentefimo
939 3051 1230 3150 quiuquagefimo
1256 3057 1396 3147 primo·
1414 3053 1579 3128 Testibus
1605 3096 1614 3115 ·
1641 3096 1650 3113 ·
1679 3098 1688 3115 ·

347 3172 559 3245 Alexandro
584 3169 629 3239 de
655 3165 919 3258 Strathachyne
945 3166 990 3237 de
1014 3166 1195 3238 Duwarde
1212 3205 1221 3222 ·
1238 3166 1405 3239 Johaune
1429 3168 1474 3239 de
1492 3167 1581 3262 Fyfa
1598 3207 1606 3224 ·
1623 3168 1689 3241 Jo-

347 3287 466 3358 hanne
484 3284 529 3354 de
548 3281 632 3351 Mar
656 3273 891 3373 burgenfibus
916 3278 1019 3373 burgi
1038 3280 1084 3350 de
1101 3277 1275 3349 Aberden
1292 3317 1300 3334 ·
1319 3279 1479 3350 Roberto
1496 3276 1618 3373 Byffat
1640 3281 1688 3353 de

348 3397 523 3492 Kynnef·
541 3393 699 3465 Patricio
717 3390 900 3462 Chartaris
912 3428 921 3445 ·
934 3389 1146 3461 Alexandro
1165 3387 1270 3484 Lessy
1283 3428 1291 3448 ·
1304 3390 1328 3463 J
1330 3392 1472 3462 ohanne
1490 3390 1685 3465 Paterson·

348 3522 387 3583 et
404 3510 557 3583 Valtero
575 3507 620 3577 de
638 3502 861 3576 Balkancola
879 3504 1019 3573 notario
1037 3502 1182 3596 publico
1201 3542 1208 3559 ·

349 3845 582 3917 Confirmatio
617 3840 759 3913 comitis
793 3838 839 3910 de
875 3836 997 3909 Marre
1031 3836 1134 3931 super
1169 3839 1394 3910 dimidietate
1429 3849 1605 3912 terrarum
1639 3843 1687 3914 de

350 3954 562 4029 Vesthalle·

350 4156 548 4255 Rcbertus
571 4199 691 4249 comes
714 4178 759 4247 de
783 4172 907 4246 Marre
930 4184 969 4245 et
993 4173 1199 4246 Gamiauch
1225 4178 1267 4246 'ao
1291 4176 1456 4247 dominus
1474 4177 1519 4246 de
1536 4173 1687 4271 Irikyne

351 4335 360 4352 ·
380 4334 388 4351 ·
407 4333 416 4349 ·
436 4290 567 4362 Sciatis
592 4311 657 4359 nos
674 4284 796 4358 vidisse
812 4324 821 4342 ·
839 4324 848 4342 ·
865 4324 873 4342 ·
890 4297 1027 4358 cartam
1045 4285 1069 4357 J
1071 4286 1221 4358 ohannis
1243 4284 1377 4358 Maluil
1393 4288 1439 4358 de
1457 4287 1687 4382 Heruystoue

352 4406 397 4477 de
414 4402 647 4474 dimedietata
667 4409 844 4471 terrarum
860 4399 906 4471 de
925 4396 1099 4471 Vesthale
1122 4422 1206 4472 cum
1229 4400 1463 4493 pertinenoijs
1486 4401 1628 4473 iacente
1645 4405 1684 4474 in

350 4517 524 4592 comitatu
550 4513 596 4584 de
621 4510 824 4583 Gontiauch
850 4512 942 4583 iufra
958 4512 1250 4583 vicecomitatum
1275 4510 1321 4582 de
1341 4511 1514 4583 Aberden
1532 4551 1542 4568 ·
1557 4551 1567 4568 ·
1582 4551 1592 4570 ·
1610 4513 1685 4586 Ed·
