4088 5430
501 655 573 726 394
1017 640 1323 717 REGISTRUM
1684 639 1846 737 [sucum

501 849 582 941 copi
599 855 771 938 tanquam
798 847 837 915 in
864 843 1029 916 manibus
1055 842 1192 914 domini
1217 839 1407 936 superioris
1432 842 1628 914 earundem
1644 836 1848 934 resignauit

501 969 609 1053 prout
639 959 676 1027 in
705 951 923 1051 proceffibus
957 965 995 1027 et
1024 951 1272 1027 instrumentis
1301 954 1455 1048 publicis
1484 951 1635 1047 desuper
1668 951 1847 1024 confodis

503 1071 636 1168 [supra
657 1093 693 1165 p.
725 1066 828 1162 387]
858 1068 966 1139 latius
1000 1069 1209 1141 continetur
1238 1106 1247 1124 ·
1276 1067 1466 1140 'sonandas
1494 1074 1592 1137 totas
1618 1074 1658 1137 et
1682 1066 1848 1158 integras

501 1194 616 1254 terras
642 1183 687 1253 de
712 1180 860 1253 Ardlair
878 1181 1056 1274 predictus
1076 1180 1122 1251 de
1145 1175 1318 1272 episcopia
1344 1174 1658 1250 Abirdonenfibus
1679 1178 1718 1247 in
1735 1175 1847 1246 feodo

502 1306 541 1365 et
568 1295 770 1365 hereditate
795 1294 833 1363 in
860 1301 1110 1386 perpetuum·
1137 1289 1338 1361 Reddendo
1367 1290 1453 1362 inde
1478 1287 1655 1384 episcopis
1678 1285 1849 1358 Aberdo-

501 1402 670 1477 nensrbus
695 1407 781 1497 xxvj
800 1405 909 1498 §.viij
928 1402 963 1475 d.
989 1403 1119 1476 vsuclis
1144 1411 1293 1474 monete
1318 1405 1420 1497 regni
1447 1401 1572 1474 Scotie
1588 1403 1633 1473 ad
1651 1401 1741 1472 duos
1757 1401 1847 1471 anni

502 1519 675 1588 terminos
701 1513 889 1588 consuetos
912 1539 984 1588 vnu
1010 1539 1093 1588 cum
1118 1509 1379 1586 sustentatione
1404 1510 1678 1586 manutensione
1703 1534 1850 1604 repara-

502 1631 602 1698 tione
636 1624 901 1699 constructione
935 1636 974 1698 et
1003 1625 1272 1699 reedificatione
1307 1648 1392 1699 cum
1425 1648 1516 1720 opus
1549 1625 1660 1697 suerit
1692 1623 1849 1716 predicti

503 1742 589 1810 noui
618 1740 740 1832 pontis
770 1736 876 1831 super
902 1761 996 1830 aqua
1019 1735 1081 1809 seu
1106 1736 1217 1808 fluuio
1243 1739 1289 1808 de
1314 1736 1395 1810 Dee
1422 1761 1487 1830 per
1510 1735 1715 1832 episcopum
1743 1731 1848 1805 strati

503 1849 697 1923 construdci
716 1859 754 1921 et
772 1851 928 1922 edificati
941 1848 1138 1922 secundum
1155 1858 1319 1921 tenorem
1333 1848 1517 1922 cuiusdam
1535 1849 1765 1944 obligationis
1782 1869 1850 1940 per

504 1960 724 2057 prepositum
742 1962 896 2034 balliuos
912 1972 951 2034 et
969 1962 1268 2034 communitatem
1286 1963 1390 2057 burgi
1409 1962 1453 2034 do
1471 1962 1667 2034 Aberdone
1686 1959 1849 2052 prefatos

504 2076 597 2147 fasta
628 2077 673 2146 de
702 2076 787 2146 data
814 2075 910 2167 apud
938 2073 1135 2145 Aberdone
1163 2096 1239 2166 xrnJ
1268 2075 1326 2145 die
1355 2070 1486 2145 mensis
1513 2071 1725 2145 Decembris
1751 2093 1850 2141 anno

505 2185 653 2257 Domini
668 2207 855 2257 muniunt.
870 2188 1018 2258 nomine
1032 2187 1232 2257 feodifirme
1249 2196 1393 2258 tantum
1408 2227 1416 2244 ·
1430 2163 1599 2281 Sigillala
1615 2180 1739 2279 sigillis
1756 2180 1851 2274 epis·

504 2301 584 2391 copi
601 2310 640 2369 et
658 2298 809 2392 capituli
837 2309 876 2371 et
901 2300 1068 2370 manibus
1092 2297 1248 2392 episcopi
1274 2300 1402 2370 decani
1428 2309 1467 2370 et
1493 2299 1749 2371 canonicorum
1767 2292 1851 2365 sub-

505 2545 600 2594 anno
618 2520 768 2593 Domini
794 2542 981 2594 n.u.xx1x.
1008 2544 1128 2593 coram
1154 2518 1306 2594 testibus
1324 2523 1495 2595 videlicet
1519 2521 1632 2593 nobili
1650 2534 1689 2592 et
1704 2521 1851 2613 potenti

507 2636 653 2704 domino
667 2633 825 2727 Georgia
839 2636 973 2706 comite
987 2634 1032 2705 de
1046 2631 1223 2705 Huntlie·
1238 2635 1436 2707 venerabili
1445 2645 1548 2729 patre
1561 2632 1718 2727 Georgia
1731 2632 1852 2723 priore

507 2748 552 2816 de
571 2743 757 2816 Pluscarte
775 2747 984 2817 coadiutore
1002 2742 1158 2839 episcopi
1175 2754 1214 2816 et
1231 2744 1423 2818 successore
1440 2747 1621 2819 nobilibus
1638 2743 1854 2817 venerabili·

508 2858 575 2927 bus
600 2880 672 2949 quc
689 2868 728 2929 et
750 2856 913 2929 discretis
937 2860 1023 2929 viris
1048 2855 1225 2952 magistris
1242 2867 1281 2929 et
1298 2859 1452 2930 dominis
1475 2858 1629 2931 Valtero
1652 2854 1787 2951 Ogiluy
1805 2856 1853 2925 de

510 2968 733 3040 Monicabok
759 3008 768 3025 ·
792 2969 961 3041 Johanne
988 2969 1114 3064 Keyth
1142 2972 1187 3041 de
1216 2968 1467 3067 Rawynscraig
1494 3012 1502 3028 ·
1530 2970 1688 3042 Hectore
1718 2967 1853 3038 Boetio

492 3079 686 3151 'sacrarum
720 3079 926 3152 litterarum
957 3077 1149 3175 professore
1179 3081 1319 3176 collegij
1351 3080 1618 3155 Aberdonenfis
1644 3081 1851 3175 primario·

510 3189 702 3263 Willelmo
725 3190 810 3285 Hay
838 3194 1034 3264 earundem
1053 3193 1255 3264 litterarum
1278 3194 1480 3267 bacbalario
1498 3236 1506 3252 ·
1526 3193 1716 3265 Willelmo
1737 3189 1853 3283 Hay·

509 3312 547 3372 et
566 3300 687 3374 Dauid
706 3301 908 3396 lllakysone
925 3307 1076 3399 notarijs
1092 3305 1247 3398 publicis
1264 3344 1273 3362 ·
1292 3329 1375 3377 cum
1391 3303 1540 3379 diuersus
1556 3305 1659 3398 alijs·

1004 3526 1331 3601 Sunscarrrronns
1348 3571 1355 3588 ·

551 3737 556 3747 .
611 3640 777 3710 Gauinus
790 3636 1051 3711 Abirdonensrs
1068 3638 1252 3736 episcopus
1265 3664 1375 3714 manu
1392 3645 1552 3737 propria·

612 3750 791 3845 Georgius
810 3749 997 3822 coadiutor
1013 3751 1167 3846 episcopi
1184 3752 1444 3826 Abirdonensis
1460 3777 1571 3826 manu
1587 3753 1752 3848 propria·

612 3860 733 3933 Dauid
750 3858 993 3934 Dischintoun
1010 3876 1136 3936 cantor
1152 3888 1262 3936 manu
1279 3869 1441 3959 propria·

612 3972 767 4045 Thomas
786 3973 965 4067 Myrtoun
983 3977 1254 4048 archidiaconus
1272 4000 1383 4050 manu
1401 3983 1561 4073 propria·

611 4084 768 4156 Jacobus
787 4084 965 4158 Wawane
983 4087 1028 4159 de
1046 4087 1145 4159 Ouin
1162 4112 1272 4160 manu
1288 4092 1450 4185 propria·

612 4195 823 4268 Alexander
841 4197 998 4290 Spittalo
1016 4200 1061 4271 do
1078 4198 1184 4271 Clate
1202 4222 1312 4271 manu
1328 4204 1490 4295 propria·

611 4305 794 4379 Robertus
811 4306 1053 4403 Elphinstoun
1070 4313 1116 4385 de
1133 4311 1345 4410 Kyncardin
1361 4337 1472 4386 manu
1488 4317 1650 4410 propria·
