4088 5430
345 612 415 684 366
860 607 1166 683 REGISTRUM
1322 702 1328 716 ο
1536 611 1702 705 [sucum

855 807 982 881 crona
998 805 1156 882 Houlhil
1173 850 1182 866 ·

347 916 526 990 allidatur
543 940 606 1010 pro
625 919 707 1010 miii
724 920 753 990 i·
774 921 811 991 in
828 943 923 991 anno
941 928 979 991 et
996 921 1069 1013 ·xij·
1086 920 1230 1016 gallinis
1249 963 1257 977 ·

826 1029 947 1104 Dauid
965 1031 1218 1106 Robertsons·
1354 1097 1358 1105 .

878 1256 1005 1333 Crofta
1021 1258 1144 1331 Adam
1161 1299 1169 1313 ·

352 1364 530 1441 allsdstnr
547 1390 612 1461 pro
631 1368 711 1459 ·viij·
729 1369 757 1449 n
778 1369 863 1462 ·viij·
881 1365 917 1443 d·
934 1373 973 1442 in
990 1394 1086 1443 anno
1102 1382 1142 1443 et
1160 1373 1269 1462 ·xviij·
1287 1369 1431 1464 gallinis
1449 1410 1457 1426 ·

849 1481 1009 1557 Johnnni
1035 1483 1193 1554 Stenin·

837 1706 965 1781 crofta
981 1704 1174 1779 Windissie
1192 1748 1199 1763 ·

353 1817 530 1891 siledatur
547 1842 611 1911 pro
629 1819 716 1911 sii}
732 1820 762 1891 ὅ·
781 1819 866 1912 ·viij·
884 1815 920 1889 d·
939 1821 977 1891 ln
994 1842 1089 1893 anno
1106 1830 1145 1890 et
1162 1820 1243 1913 ·xvj·
1260 1818 1407 1914 gnllinis
1426 1859 1433 1873 ·

839 1928 976 2001 Jacobo
997 1929 1194 2023 Crommy·

744 2155 872 2227 cmfta
887 2152 1028 2231 brnlinn
1044 2179 1127 2229 cum
1145 2156 1285 2229 fabrinn
1303 2196 1311 2212 ·

354 2267 531 2340 affedatur
547 2291 611 2360 pro
630 2268 727 2361 ·xxij·
746 2269 774 2339 ἔ·
792 2268 875 2360 ·viij·
893 2265 929 2339 d·
947 2271 983 2339 in
1002 2292 1097 2339 anno
1113 2278 1152 2340 et
1169 2270 1278 2361 xviij·
1295 2268 1463 2363 gallinis·

855 2379 1045 2451 Willelmo
1063 2378 1176 2453 Billst
1195 2421 1203 2436 ·

903 2604 1029 2676 crofta
1045 2604 1124 2697 Coy
1141 2646 1148 2660 ·

357 2716 535 2791 affedatur
551 2742 615 2811 pro
632 2719 704 2810 sii
721 2719 749 2789 ἔ·
766 2719 804 2789 in
821 2740 918 2788 anno
935 2726 973 2788 et
992 2718 1065 2810 mii
1081 2717 1227 2812 gallinis
1246 2760 1253 2775 ·

823 2829 1014 2903 Willslmo
1032 2830 1212 2903 Cowbnns
1231 2871 1239 2887 ·

867 3055 993 3125 crofta
1010 3051 1157 3126 Gilcrist
1175 3097 1183 3112 ·

360 3168 537 3241 alledatur
553 3191 617 3262 pro
636 3169 691 3260 ·vj·
711 3170 738 3238 s·
759 3166 842 3258 ·viij·
860 3163 895 3236 d·
914 3168 953 3239 in
970 3189 1065 3239 nuno
1082 3176 1121 3239 et
1140 3169 1196 3261 ·vj·
1211 3166 1355 3261 gallinis
1373 3208 1380 3222 ·

845 3276 1036 3349 Willslmo
1054 3279 1210 3374 gonng·

904 3501 1029 3574 Crofta
1047 3500 1134 3572 Mvr
1151 3543 1159 3558 ·

363 3618 539 3691 alienatur
555 3640 618 3710 pro
636 3618 691 3709 -vj·
711 3619 739 3687 i·
759 3615 841 3706 -viij·
858 3611 895 3686 d·
912 3616 951 3686 in
967 3637 1062 3686 anno
1086 3624 1125 3687 et
1141 3615 1198 3707 ·vj·
1216 3614 1359 3710 gallinis
1376 3657 1384 3671 ·

872 3836 1001 3910 Crofta
1017 3836 1208 3909 Anderson
1226 3877 1234 3893 ·
1419 3916 1423 3923 ,

368 3952 545 4026 alienatur
559 3976 623 4047 pro
642 3953 697 4044 ·vj·
715 3955 744 4024 ἔ·
763 3951 845 4044 ·viij·
861 3946 897 4021 d·
915 3952 953 4021 in
970 3973 1065 4023 anno
1083 3960 1122 4023 st
1139 3950 1197 4043 ·vj·
1214 3942 1357 4045 gallinis
1377 3990 1385 4007 ·

867 4174 993 4246 Crostn
1008 4173 1203 4261 molendini
1224 4213 1233 4230 ·

366 4288 542 4361 alsedstur
559 4311 622 4382 pro
640 4311 683 4359 ·x·
703 4290 731 4359 i·
747 4290 784 4359 in
802 4310 897 4360 nnnn
915 4296 953 4359 st
971 4285 1035 4381 ij„
1044 4285 1188 4381 gallinis
1205 4327 1213 4343 ·
