4088 5430
420 625 488 692 138
935 616 1242 691 REGISTRUM
1610 620 1763 716 [sucum

416 821 485 912 chy
502 829 541 890 et
558 815 623 889 fibi
640 817 898 888 adherentibus
915 814 1056 888 securos
1073 827 1111 888 et
1128 818 1341 911 indempnes
1358 819 1591 890 redderemus
1605 831 1645 890 vt
1662 831 1765 891 tene-

416 955 498 1002 mur
516 971 524 988 ·
542 954 651 1023 quare
669 930 771 1001 vobis
788 930 901 1001 frater
918 925 1092 1001 carissime
1108 926 1349 1024 supplicamus
1365 940 1404 1001 et
1420 932 1636 1003 auctoritate
1662 932 1765 1003 uobis

418 1041 598 1114 commissa
615 1042 716 1113 vobis
735 1051 773 1112 et
791 1043 994 1114 vicecomiti
1013 1041 1059 1112 de
1076 1038 1270 1135 Inuernyss
1287 1045 1349 1134 qui
1375 1032 1452 1136 pro¹
1465 1052 1630 1137 tempore
1654 1045 1765 1116 fuerit

419 1180 465 1226 ex
491 1155 750 1227 deliberatione
778 1154 862 1224 diei
890 1153 1033 1246 concilij
1063 1149 1218 1224 districte
1246 1156 1463 1250 precipimus
1489 1165 1529 1226 et
1554 1157 1765 1228 mandamus

420 1269 589 1360 quatinus
623 1267 766 1358 quando
797 1275 835 1336 et
865 1266 1036 1357 quociens
1069 1289 1133 1359 per
1168 1266 1303 1338 distum
1339 1267 1523 1337 dominum
1559 1265 1764 1364 episcopum

420 1375 715 1451 Aberdonensem
746 1378 804 1448 vel
837 1400 901 1471 pro
936 1389 1039 1471 parte
1074 1373 1184 1470 ipsius
1217 1378 1359 1449 fueritis
1392 1376 1552 1472 requisiti
1581 1379 1639 1451 vel
1673 1381 1767 1453 alter

422 1489 577 1565 vestrum
595 1493 705 1563 fuerit
723 1487 913 1582 requisitus
931 1487 1044 1583 ipsum
1064 1490 1306 1562 Ferclrardum
1324 1493 1538 1564 audacitate
1554 1494 1653 1589 regia
1669 1516 1766 1566 com-

422 1603 565 1699 pellatis
595 1606 638 1674 ad
674 1599 904 1696 prestandum
935 1603 1036 1673 vobis
1065 1602 1296 1675 securitatem
1328 1601 1564 1676 sufficientem
1594 1616 1634 1677 vt
1666 1607 1764 1678 idem

422 1714 605 1810 episcopus
631 1726 669 1787 et
695 1726 790 1786 terra
816 1714 879 1785 sue
906 1716 1068 1808 predicte
1099 1739 1181 1787 cum
1212 1715 1339 1787 incolis
1366 1726 1405 1787 et
1435 1716 1538 1788 bonis
1568 1719 1764 1789 eorundem

423 1839 529 1900 erunt
555 1829 767 1920 indempnes
793 1829 838 1897 de
862 1826 938 1919 ipso
957 1826 1159 1899 Ferchardo
1176 1838 1215 1898 ct
1231 1823 1297 1898 sibi
1323 1828 1579 1900 adherentibus
1605 1840 1643 1901 et
1668 1831 1765 1923 quod

422 1941 562 2012 nullum
580 1962 775 2034 grauamen
793 1939 989 2031 dampnum
1008 1938 1066 2010 vel
1084 1936 1284 2011 molestiam
1302 1942 1353 2011 eis
1371 1942 1502 2012 inferet
1519 1965 1587 2013 nec
1603 1966 1667 2036 per
1684 1942 1765 2014 illos

422 2054 544 2124 inferri
571 2053 775 2146 procurabit
801 2059 928 2121 contra
951 2051 1102 2122 sormam
1131 2054 1243 2123 iuris·
1267 2063 1306 2123 et
1330 2052 1397 2124 hoc
1425 2054 1620 2148 iniungatis
1646 2056 1764 2126 eidem

423 2164 486 2236 sub
513 2188 607 2258 pene
633 2159 825 2236 amiffionis
852 2164 926 2233 vite
953 2173 991 2233 et
1021 2163 1262 2236 membrorum
1289 2174 1327 2236 et
1353 2166 1515 2236 omnium
1542 2188 1612 2257 que
1640 2177 1765 2239 contra

424 2278 608 2347 dominum
636 2273 795 2346 nostrum
827 2272 966 2368 Regem
997 2285 1035 2345 et
1066 2298 1131 2346 nos
1158 2279 1327 2347 amittere
1358 2279 1492 2370 poterit
1519 2316 1527 2332 ·
1554 2279 1764 2351 intimantes

423 2389 540 2459 eidem
568 2387 769 2458 Ferchardo
796 2387 891 2478 quod
918 2382 944 2455 fi
972 2386 1106 2458 didum
1137 2389 1320 2459 dominum
1353 2388 1558 2483 episcopum
1587 2393 1623 2461 in
1650 2392 1764 2464 forma

423 2503 509 2571 iuris
532 2499 694 2593 prosequi
712 2497 867 2568 voluerit
885 2522 1004 2569 coram
1023 2500 1168 2571 domino
1194 2497 1314 2571 nostro
1332 2499 1434 2595 Rege
1451 2501 1509 2573 vel
1534 2505 1638 2574 nobis
1658 2505 1766 2576 sacie-

422 2636 503 2683 mus
520 2609 584 2683 fibi
601 2612 679 2682 fieri
697 2606 836 2682 iusticie
853 2611 1159 2704 complementum
1173 2610 1238 2682 ·In
1256 2610 1500 2709 premissorum
1517 2610 1764 2687 testimonium

421 2724 645 2818 presentibus
673 2723 786 2794 literis
811 2746 923 2816 pones
947 2722 1083 2794 didum
1107 2725 1292 2795 dominum
1320 2721 1524 2819 episcopum
1553 2726 1765 2799 remansuris

423 2849 460 2909 et
488 2839 589 2908 vobis
623 2860 706 2907 oum
741 2838 941 2928 oportuerit
976 2832 1205 2907 ostendendis
1234 2831 1389 2931 sigillum
1424 2833 1584 2909 nostrum
1614 2838 1764 2911 fecimus

422 2952 553 3044 apponi
572 2990 579 3005 ·
598 2948 737 3020 Datum
754 2948 848 3041 apud
868 2946 980 3019 Pertb
998 2946 1128 3020 octauo
1144 2948 1203 3019 die
1220 2944 1352 3020 mensis
1368 2948 1469 3041 Junij
1495 2951 1644 3043 preditli
1670 2974 1764 3023 auno

422 3062 570 3133 Domini
588 3057 776 3132 millesimo
794 3057 1045 3132 trecentesimo
1063 3056 1278 3155 oeogefimo
1295 3057 1450 3132 secundo
1469 3103 1477 3119 ·

424 3399 639 3492 Preceptum
667 3399 761 3492 regis
779 3396 929 3467 Roberti
949 3397 994 3466 de
1012 3393 1176 3467 secundis
1202 3397 1350 3468 decimis
1368 3397 1413 3467 de
1432 3397 1666 3492 Fermartyne
1691 3426 1763 3472 nou

421 3510 672 3584 transferendis
689 3511 726 3579 in
745 3509 914 3579 comitem
934 3509 979 3578 de
997 3506 1159 3600 Carrylr·

424 3708 619 3809 Robertus
654 3734 723 3804 Dei
757 3734 873 3828 gratia
906 3755 970 3803 rex
1006 3730 1215 3802 Scottorum
1250 3733 1446 3804 venerabili
1480 3736 1574 3828 patri
1603 3735 1761 3808 lohanni

422 3846 585 3943 episcopo
602 3841 852 3919 Duukeldensr
877 3842 1089 3916 cancellario
1114 3840 1235 3913 nostro
1251 3840 1406 3916 salutem
1423 3882 1433 3901 ·
1449 3845 1544 3917 Cum
1560 3848 1599 3917 in
1616 3844 1762 3920 consilio

421 3957 540 4031 nostro
557 3966 661 4030 tento
678 3957 773 4052 apud
787 3955 899 4027 Pertb
912 3952 1064 4049 septimo
1083 3955 1141 4026 die
1158 3954 1264 4027 huius
1281 3952 1412 4028 mensis
1425 3956 1449 4027 J
1451 3958 1526 4051 unij
1541 3958 1762 4032 declarauer-

421 4075 513 4143 imus
540 4072 752 4142 intentionis
777 4066 897 4140 nostre
922 4090 994 4138 non
1012 4063 1114 4138 fuisse
1140 4090 1208 4138 nec
1225 4063 1294 4139 else
1310 4070 1348 4139 in
1366 4069 1561 4142 donatione
1585 4081 1761 4144 terrarum

420 4187 465 4255 de
483 4183 718 4276 Fermartyne
735 4184 829 4254 faus
845 4205 909 4276 per
925 4204 991 4252 nos
1016 4181 1256 4274 primogenito
1282 4176 1402 4250 nostro
1420 4183 1544 4252 comiti
1561 4183 1608 4253 de
1624 4183 1761 4278 Carryk

419 4306 457 4366 et
480 4293 672 4365 senescallo
696 4294 820 4365 Scotie
846 4289 910 4364 fibi
937 4294 1069 4365 donaro
1086 4291 1144 4364 vel
1172 4294 1209 4362 in
1235 4290 1351 4386 ipsum
1377 4293 1565 4366 tranfferre
1590 4293 1761 4369 secundas

419 4409 575 4479 decimas
598 4405 738 4476 debitas
755 4406 801 4476 de
817 4406 930 4476 firmis
947 4414 985 4476 et
1003 4406 1203 4476 redditibus
1229 4402 1383 4497 ipsarum
1410 4417 1586 4477 terrarum
1612 4406 1761 4481 ecclesie

418 4513 666 4591 Aberdoncnsr
685 4528 723 4589 et
740 4516 914 4610 episcopis
931 4513 1250 4588 Aberdonenfibus
1267 4518 1329 4608 qui
1355 4538 1420 4610 pro
1446 4528 1609 4611 tempore
1625 4520 1759 4592 fuerint
