<?xml version="1.0" encoding="UTF-8"?>
<!DOCTYPE html PUBLIC "-//W3C//DTD XHTML 1.0 Transitional//EN"
    "http://www.w3.org/TR/xhtml1/DTD/xhtml1-transitional.dtd">
<html xmlns="http://www.w3.org/1999/xhtml" xml:lang="en" lang="en">
 <head>
  <title>
</title>
<meta http-equiv="Content-Type" content="text/html;charset=utf-8" />
  <meta name='ocr-system' content='tesseract 3.04.00' />
  <meta name='ocr-capabilities' content='ocr_page ocr_carea ocr_par ocr_line ocrx_word'/>
</head>
<body>
  <div class='ocr_page' id='page_1' title='image "./registrumepisco01innegoog_0380.png"; bbox 0 0 4088 5430; ppageno 0'>
   <div class='ocr_carea' id='block_1_1' title="bbox 410 602 1754 699">
    <p class='ocr_par' dir='ltr' id='par_1_1' title="bbox 410 602 1754 699">
     <span class='ocr_line' id='line_1_1' title="bbox 410 602 1754 699; baseline -0.009 -14"><span class='ocrx_word' id='word_1_1' title='bbox 410 618 480 685; x_wconf 70' lang='lat'>242</span> <span class='ocrx_word' id='word_1_2' title='bbox 927 602 1231 678; x_wconf 83' lang='lat' dir='ltr'>REGISTRUM</span> <span class='ocrx_word' id='word_1_3' title='bbox 1597 604 1754 699; x_wconf 77' lang='lat' dir='ltr'>[sucum</span> 
     </span>
    </p>
   </div>
   <div class='ocr_carea' id='block_1_2' title="bbox 412 801 1766 2332">
    <p class='ocr_par' dir='ltr' id='par_1_2' title="bbox 412 801 1766 2332">
     <span class='ocr_line' id='line_1_2' title="bbox 412 801 1753 897; baseline -0.006 -16"><span class='ocrx_word' id='word_1_4' title='bbox 412 811 552 882; x_wconf 83' lang='lat' dir='ltr'>Setoun</span> <span class='ocrx_word' id='word_1_5' title='bbox 576 806 684 878; x_wconf 91' lang='lat' dir='ltr'>militi</span> <span class='ocrx_word' id='word_1_6' title='bbox 703 806 848 876; x_wconf 92' lang='lat' dir='ltr'>domino</span> <span class='ocrx_word' id='word_1_7' title='bbox 866 805 912 876; x_wconf 93' lang='lat' dir='ltr'>dc</span> <span class='ocrx_word' id='word_1_8' title='bbox 930 802 1078 877; x_wconf 89' lang='lat' dir='ltr'>Gordon</span> <span class='ocrx_word' id='word_1_9' title='bbox 1101 826 1165 896; x_wconf 92' lang='lat' dir='ltr'>pro</span> <span class='ocrx_word' id='word_1_10' title='bbox 1184 813 1346 897; x_wconf 88' lang='lat' dir='ltr'>tempore</span> <span class='ocrx_word' id='word_1_11' title='bbox 1365 806 1439 875; x_wconf 86' lang='lat' dir='ltr'>vite</span> <span class='ocrx_word' id='word_1_12' title='bbox 1455 801 1518 874; x_wconf 89' lang='lat' dir='ltr'>sue</span> <span class='ocrx_word' id='word_1_13' title='bbox 1542 840 1550 858; x_wconf 93' lang='lat'><strong>·</strong></span> <span class='ocrx_word' id='word_1_14' title='bbox 1578 843 1585 861; x_wconf 90' lang='lat'><strong>·</strong></span> <span class='ocrx_word' id='word_1_15' title='bbox 1614 843 1622 860; x_wconf 90' lang='lat'><strong>·</strong></span> <span class='ocrx_word' id='word_1_16' title='bbox 1649 804 1753 874; x_wconf 89' lang='lat' dir='ltr'>baro·</span> 
     </span>
     <span class='ocr_line' id='line_1_3' title="bbox 412 913 1751 1010; baseline -0.005 -18"><span class='ocrx_word' id='word_1_17' title='bbox 412 922 510 992; x_wconf 91' lang='lat' dir='ltr'>niam</span> <span class='ocrx_word' id='word_1_18' title='bbox 527 915 681 990; x_wconf 88' lang='lat' dir='ltr'>nostram</span> <span class='ocrx_word' id='word_1_19' title='bbox 700 918 745 989; x_wconf 92' lang='lat' dir='ltr'>de</span> <span class='ocrx_word' id='word_1_20' title='bbox 762 915 993 1010; x_wconf 85' lang='lat' dir='ltr'>Kyuedward</span> <span class='ocrx_word' id='word_1_21' title='bbox 1012 953 1020 974; x_wconf 90' lang='lat'><strong>·</strong></span> <span class='ocrx_word' id='word_1_22' title='bbox 1038 951 1046 972; x_wconf 91' lang='lat'><strong>·</strong></span> <span class='ocrx_word' id='word_1_23' title='bbox 1065 954 1073 970; x_wconf 94' lang='lat'><strong>·</strong></span> <span class='ocrx_word' id='word_1_24' title='bbox 1091 917 1270 986; x_wconf 89' lang='lat' dir='ltr'>iacentem</span> <span class='ocrx_word' id='word_1_25' title='bbox 1288 917 1326 985; x_wconf 91' lang='lat' dir='ltr'>in</span> <span class='ocrx_word' id='word_1_26' title='bbox 1343 916 1518 987; x_wconf 90' lang='lat' dir='ltr'>comitatu</span> <span class='ocrx_word' id='word_1_27' title='bbox 1536 915 1581 986; x_wconf 92' lang='lat' dir='ltr'>de</span> <span class='ocrx_word' id='word_1_28' title='bbox 1598 913 1751 985; x_wconf 88' lang='lat' dir='ltr'>Buchau</span> 
     </span>
     <span class='ocr_line' id='line_1_4' title="bbox 412 1026 1752 1120; baseline -0.005 -17"><span class='ocrx_word' id='word_1_29' title='bbox 412 1032 506 1104; x_wconf 85' lang='lat' dir='ltr'>infra</span> <span class='ocrx_word' id='word_1_30' title='bbox 532 1031 826 1103; x_wconf 81' lang='lat' dir='ltr'><strong>vicecomitatum</strong></span> <span class='ocrx_word' id='word_1_31' title='bbox 860 1028 905 1098; x_wconf 92' lang='lat' dir='ltr'>de</span> <span class='ocrx_word' id='word_1_32' title='bbox 932 1026 1105 1097; x_wconf 88' lang='lat' dir='ltr'>Aberden</span> <span class='ocrx_word' id='word_1_33' title='bbox 1135 1048 1207 1099; x_wconf 84' lang='lat' dir='ltr'>vna</span> <span class='ocrx_word' id='word_1_34' title='bbox 1239 1049 1322 1097; x_wconf 91' lang='lat' dir='ltr'>cum</span> <span class='ocrx_word' id='word_1_35' title='bbox 1357 1028 1434 1097; x_wconf 86' lang='lat' dir='ltr'>iure</span> <span class='ocrx_word' id='word_1_36' title='bbox 1467 1035 1678 1120; x_wconf 91' lang='lat' dir='ltr'>patronatus</span> <span class='ocrx_word' id='word_1_37' title='bbox 1708 1049 1752 1096; x_wconf 88' lang='lat' dir='ltr'>ac</span> 
     </span>
     <span class='ocr_line' id='line_1_5' title="bbox 414 1135 1753 1233; baseline -0.005 -18"><span class='ocrx_word' id='word_1_38' title='bbox 414 1144 615 1216; x_wconf 89' lang='lat' dir='ltr'>donationis</span> <span class='ocrx_word' id='word_1_39' title='bbox 645 1140 902 1213; x_wconf 80' lang='lat' dir='ltr'>beneficiorum</span> <span class='ocrx_word' id='word_1_40' title='bbox 931 1138 1034 1209; x_wconf 92' lang='lat' dir='ltr'>nobis</span> <span class='ocrx_word' id='word_1_41' title='bbox 1064 1140 1102 1208; x_wconf 92' lang='lat' dir='ltr'>in</span> <span class='ocrx_word' id='word_1_42' title='bbox 1129 1137 1334 1233; x_wconf 88' lang='lat' dir='ltr'>episcopatu</span> <span class='ocrx_word' id='word_1_43' title='bbox 1362 1135 1610 1210; x_wconf 85' lang='lat' dir='ltr'>Aberdonenfi</span> <span class='ocrx_word' id='word_1_44' title='bbox 1637 1137 1753 1233; x_wconf 73' lang='lat' dir='ltr'>spect·</span> 
     </span>
     <span class='ocr_line' id='line_1_6' title="bbox 412 1247 1750 1353; baseline -0.004 -26"><span class='ocrx_word' id='word_1_45' title='bbox 412 1257 552 1353; x_wconf 84' lang='lat' dir='ltr'>antium</span> <span class='ocrx_word' id='word_1_46' title='bbox 579 1277 644 1348; x_wconf 92' lang='lat' dir='ltr'>pro</span> <span class='ocrx_word' id='word_1_47' title='bbox 668 1250 729 1324; x_wconf 90' lang='lat' dir='ltr'>suo</span> <span class='ocrx_word' id='word_1_48' title='bbox 756 1252 923 1346; x_wconf 83' lang='lat' dir='ltr'>homagio</span> <span class='ocrx_word' id='word_1_49' title='bbox 948 1259 988 1321; x_wconf 90' lang='lat' dir='ltr'>et</span> <span class='ocrx_word' id='word_1_50' title='bbox 1012 1247 1161 1321; x_wconf 90' lang='lat' dir='ltr'>seruicio</span> <span class='ocrx_word' id='word_1_51' title='bbox 1188 1289 1197 1309; x_wconf 92' lang='lat'><strong>·</strong></span> <span class='ocrx_word' id='word_1_52' title='bbox 1227 1286 1235 1304; x_wconf 94' lang='lat'><strong>·</strong></span> <span class='ocrx_word' id='word_1_53' title='bbox 1261 1290 1269 1306; x_wconf 94' lang='lat'><strong>·</strong></span> <span class='ocrx_word' id='word_1_54' title='bbox 1298 1248 1448 1344; x_wconf 86' lang='lat' dir='ltr'>Insuper</span> <span class='ocrx_word' id='word_1_55' title='bbox 1471 1251 1635 1322; x_wconf 85' lang='lat' dir='ltr'>volumus</span> <span class='ocrx_word' id='word_1_56' title='bbox 1661 1289 1670 1307; x_wconf 92' lang='lat'><strong>·</strong></span> <span class='ocrx_word' id='word_1_57' title='bbox 1701 1294 1709 1307; x_wconf 94' lang='lat'><strong>·</strong></span> <span class='ocrx_word' id='word_1_58' title='bbox 1740 1292 1750 1307; x_wconf 88' lang='lat'><strong>·</strong></span> 
     </span>
     <span class='ocr_line' id='line_1_7' title="bbox 413 1360 1751 1461; baseline -0.003 -23"><span class='ocrx_word' id='word_1_59' title='bbox 413 1368 508 1461; x_wconf 92' lang='lat' dir='ltr'>quod</span> <span class='ocrx_word' id='word_1_60' title='bbox 535 1388 659 1437; x_wconf 89' lang='lat' dir='ltr'>omnes</span> <span class='ocrx_word' id='word_1_61' title='bbox 684 1373 852 1436; x_wconf 89' lang='lat' dir='ltr'>tenentes</span> <span class='ocrx_word' id='word_1_62' title='bbox 877 1364 971 1434; x_wconf 74' lang='lat' dir='ltr'>diue</span> <span class='ocrx_word' id='word_1_63' title='bbox 996 1360 1116 1434; x_wconf 89' lang='lat' dir='ltr'>nostre</span> <span class='ocrx_word' id='word_1_64' title='bbox 1141 1363 1288 1434; x_wconf 82' lang='lat' dir='ltr'>baronio</span> <span class='ocrx_word' id='word_1_65' title='bbox 1313 1363 1485 1434; x_wconf 79' lang='lat' dir='ltr'>obediant</span> <span class='ocrx_word' id='word_1_66' title='bbox 1509 1401 1517 1418; x_wconf 91' lang='lat'><strong>·</strong></span> <span class='ocrx_word' id='word_1_67' title='bbox 1542 1402 1551 1419; x_wconf 91' lang='lat'><strong>·</strong></span> <span class='ocrx_word' id='word_1_68' title='bbox 1577 1401 1585 1418; x_wconf 91' lang='lat'><strong>·</strong></span> <span class='ocrx_word' id='word_1_69' title='bbox 1610 1364 1751 1457; x_wconf 84' lang='lat' dir='ltr'>prefato</span> 
     </span>
     <span class='ocr_line' id='line_1_8' title="bbox 414 1471 1752 1550; baseline -0.001 -1"><span class='ocrx_word' id='word_1_70' title='bbox 414 1478 558 1550; x_wconf 90' lang='lat' dir='ltr'>domino</span> <span class='ocrx_word' id='word_1_71' title='bbox 576 1477 786 1548; x_wconf 86' lang='lat' dir='ltr'>Alexandro</span> <span class='ocrx_word' id='word_1_72' title='bbox 805 1476 850 1547; x_wconf 92' lang='lat' dir='ltr'>de</span> <span class='ocrx_word' id='word_1_73' title='bbox 864 1474 1003 1546; x_wconf 85' lang='lat' dir='ltr'>Setoun</span> <span class='ocrx_word' id='word_1_74' title='bbox 1028 1514 1036 1532; x_wconf 92' lang='lat'><strong>·</strong></span> <span class='ocrx_word' id='word_1_75' title='bbox 1061 1514 1070 1532; x_wconf 92' lang='lat'><strong>·</strong></span> <span class='ocrx_word' id='word_1_76' title='bbox 1096 1512 1105 1530; x_wconf 93' lang='lat'><strong>·</strong></span> <span class='ocrx_word' id='word_1_77' title='bbox 1126 1471 1218 1545; x_wconf 88' lang='lat' dir='ltr'>ficut</span> <span class='ocrx_word' id='word_1_78' title='bbox 1235 1474 1337 1545; x_wconf 94' lang='lat' dir='ltr'>nobis</span> <span class='ocrx_word' id='word_1_79' title='bbox 1354 1475 1472 1547; x_wconf 84' lang='lat' dir='ltr'>iacere</span> <span class='ocrx_word' id='word_1_80' title='bbox 1489 1476 1661 1548; x_wconf 88' lang='lat' dir='ltr'>deberent</span> <span class='ocrx_word' id='word_1_81' title='bbox 1678 1513 1687 1530; x_wconf 91' lang='lat'><strong>·</strong></span> <span class='ocrx_word' id='word_1_82' title='bbox 1704 1475 1752 1547; x_wconf 91' lang='lat' dir='ltr'>In</span> 
     </span>
     <span class='ocr_line' id='line_1_9' title="bbox 413 1582 1753 1682; baseline -0.004 -18"><span class='ocrx_word' id='word_1_83' title='bbox 413 1592 515 1664; x_wconf 87' lang='lat' dir='ltr'>cuius</span> <span class='ocrx_word' id='word_1_84' title='bbox 535 1591 587 1662; x_wconf 90' lang='lat' dir='ltr'>rei</span> <span class='ocrx_word' id='word_1_85' title='bbox 610 1586 855 1660; x_wconf 90' lang='lat' dir='ltr'>testimonium</span> <span class='ocrx_word' id='word_1_86' title='bbox 879 1582 1034 1681; x_wconf 77' lang='lat' dir='ltr'>tigillum</span> <span class='ocrx_word' id='word_1_87' title='bbox 1057 1583 1218 1657; x_wconf 89' lang='lat' dir='ltr'>nostrum</span> <span class='ocrx_word' id='word_1_88' title='bbox 1244 1585 1467 1681; x_wconf 82' lang='lat' dir='ltr'>presentibus</span> <span class='ocrx_word' id='word_1_89' title='bbox 1484 1588 1637 1682; x_wconf 85' lang='lat' dir='ltr'>appendi</span> <span class='ocrx_word' id='word_1_90' title='bbox 1665 1588 1753 1660; x_wconf 85' lang='lat' dir='ltr'>feci-</span> 
     </span>
     <span class='ocr_line' id='line_1_10' title="bbox 413 1696 1750 1794; baseline -0.001 -21"><span class='ocrx_word' id='word_1_91' title='bbox 413 1724 494 1773; x_wconf 91' lang='lat' dir='ltr'>mus</span> <span class='ocrx_word' id='word_1_92' title='bbox 527 1701 622 1794; x_wconf 86' lang='lat' dir='ltr'>apud</span> <span class='ocrx_word' id='word_1_93' title='bbox 656 1700 834 1794; x_wconf 86' lang='lat' dir='ltr'>Inuernys</span> <span class='ocrx_word' id='word_1_94' title='bbox 863 1700 991 1791; x_wconf 88' lang='lat' dir='ltr'>quinto</span> <span class='ocrx_word' id='word_1_95' title='bbox 1025 1699 1083 1770; x_wconf 89' lang='lat' dir='ltr'>die</span> <span class='ocrx_word' id='word_1_96' title='bbox 1116 1696 1247 1770; x_wconf 82' lang='lat' dir='ltr'>mensis</span> <span class='ocrx_word' id='word_1_97' title='bbox 1277 1697 1444 1770; x_wconf 71' lang='lat' dir='ltr'>Octobris</span> <span class='ocrx_word' id='word_1_98' title='bbox 1476 1724 1571 1771; x_wconf 90' lang='lat' dir='ltr'>anno</span> <span class='ocrx_word' id='word_1_99' title='bbox 1601 1699 1750 1772; x_wconf 90' lang='lat' dir='ltr'>Domini</span> 
     </span>
     <span class='ocr_line' id='line_1_11' title="bbox 413 1806 1751 1904; baseline 0 -20"><span class='ocrx_word' id='word_1_100' title='bbox 413 1809 600 1884; x_wconf 78' lang='lat' dir='ltr'>millesimo</span> <span class='ocrx_word' id='word_1_101' title='bbox 631 1806 982 1904; x_wconf 82' lang='lat' dir='ltr'>quadringentesimo</span> <span class='ocrx_word' id='word_1_102' title='bbox 1014 1807 1320 1904; x_wconf 81' lang='lat' dir='ltr'>[quadragesimo]</span> <span class='ocrx_word' id='word_1_103' title='bbox 1352 1807 1507 1883; x_wconf 89' lang='lat' dir='ltr'>secundo</span> <span class='ocrx_word' id='word_1_104' title='bbox 1533 1852 1542 1869; x_wconf 89' lang='lat'><strong>·</strong></span> <span class='ocrx_word' id='word_1_105' title='bbox 1573 1811 1751 1884; x_wconf 87' lang='lat' dir='ltr'>Scribitur</span> 
     </span>
     <span class='ocr_line' id='line_1_12' title="bbox 413 1920 1752 2017; baseline -0.001 -19"><span class='ocrx_word' id='word_1_106' title='bbox 413 1929 452 1998; x_wconf 92' lang='lat' dir='ltr'>in</span> <span class='ocrx_word' id='word_1_107' title='bbox 476 1925 766 1998; x_wconf 83' lang='lat' dir='ltr'>circumferentia</span> <span class='ocrx_word' id='word_1_108' title='bbox 790 1920 895 2017; x_wconf 79' lang='lat' dir='ltr'>tigilli</span> <span class='ocrx_word' id='word_1_109' title='bbox 918 1962 926 1978; x_wconf 92' lang='lat'><strong>·</strong></span> <span class='ocrx_word' id='word_1_110' title='bbox 946 1921 973 1993; x_wconf 84' lang='lat' dir='ltr'>S</span> <span class='ocrx_word' id='word_1_111' title='bbox 991 1961 1000 1981; x_wconf 90' lang='lat'><strong>·</strong></span> <span class='ocrx_word' id='word_1_112' title='bbox 1018 1922 1220 1993; x_wconf 87' lang='lat' dir='ltr'>Alexandri</span> <span class='ocrx_word' id='word_1_113' title='bbox 1245 1924 1289 1994; x_wconf 91' lang='lat' dir='ltr'>de</span> <span class='ocrx_word' id='word_1_114' title='bbox 1314 1922 1369 1994; x_wconf 92' lang='lat' dir='ltr'>Ile</span> <span class='ocrx_word' id='word_1_115' title='bbox 1395 1926 1537 1995; x_wconf 89' lang='lat' dir='ltr'>comitis</span> <span class='ocrx_word' id='word_1_116' title='bbox 1563 1920 1682 1996; x_wconf 83' lang='lat' dir='ltr'>Roffie</span> <span class='ocrx_word' id='word_1_117' title='bbox 1709 1950 1752 1996; x_wconf 87' lang='lat' dir='ltr'>ac</span> 
     </span>
     <span class='ocr_line' id='line_1_13' title="bbox 414 2023 1766 2129; baseline -0.001 -20"><span class='ocrx_word' id='word_1_118' title='bbox 414 2038 548 2109; x_wconf 93' lang='lat' dir='ltr'>domini</span> <span class='ocrx_word' id='word_1_119' title='bbox 573 2035 769 2108; x_wconf 89' lang='lat' dir='ltr'>insularis·</span> <span class='ocrx_word' id='word_1_120' title='bbox 795 2034 1052 2127; x_wconf 89' lang='lat' dir='ltr'>quadripartite</span> <span class='ocrx_word' id='word_1_121' title='bbox 1077 2073 1085 2090; x_wconf 91' lang='lat'><strong>·</strong></span> <span class='ocrx_word' id='word_1_122' title='bbox 1109 2035 1220 2105; x_wconf 91' lang='lat' dir='ltr'>habet</span> <span class='ocrx_word' id='word_1_123' title='bbox 1245 2036 1283 2104; x_wconf 91' lang='lat' dir='ltr'>in</span> <span class='ocrx_word' id='word_1_124' title='bbox 1310 2031 1424 2129; x_wconf 75' lang='lat' dir='ltr'>sigillo</span> <span class='ocrx_word' id='word_1_125' title='bbox 1452 2036 1539 2108; x_wconf 91' lang='lat' dir='ltr'>duas</span> <span class='ocrx_word' id='word_1_126' title='bbox 1567 2023 1766 2108; x_wconf 71' lang='lat' dir='ltr'>nauiculas⁸</span> 
     </span>
     <span class='ocr_line' id='line_1_14' title="bbox 413 2143 1750 2245; baseline 0.001 -25"><span class='ocrx_word' id='word_1_127' title='bbox 413 2148 582 2220; x_wconf 80' lang='lat' dir='ltr'>videlicet</span> <span class='ocrx_word' id='word_1_128' title='bbox 615 2149 738 2245; x_wconf 85' lang='lat' dir='ltr'>galeys</span> <span class='ocrx_word' id='word_1_129' title='bbox 768 2159 806 2218; x_wconf 85' lang='lat' dir='ltr'>et</span> <span class='ocrx_word' id='word_1_130' title='bbox 836 2159 909 2217; x_wconf 91' lang='lat' dir='ltr'>tres</span> <span class='ocrx_word' id='word_1_131' title='bbox 942 2146 1064 2217; x_wconf 88' lang='lat' dir='ltr'>leones</span> <span class='ocrx_word' id='word_1_132' title='bbox 1098 2143 1249 2218; x_wconf 86' lang='lat' dir='ltr'>insertos</span> <span class='ocrx_word' id='word_1_133' title='bbox 1279 2148 1317 2216; x_wconf 91' lang='lat' dir='ltr'>in</span> <span class='ocrx_word' id='word_1_134' title='bbox 1347 2148 1635 2220; x_wconf 82' lang='lat' dir='ltr'>circumferentia</span> <span class='ocrx_word' id='word_1_135' title='bbox 1666 2173 1750 2221; x_wconf 91' lang='lat' dir='ltr'>cnm</span> 
     </span>
     <span class='ocr_line' id='line_1_15' title="bbox 413 2259 585 2332; baseline -0.006 0"><span class='ocrx_word' id='word_1_136' title='bbox 413 2259 585 2332; x_wconf 85' lang='lat' dir='ltr'>floribus·</span> 
     </span>
    </p>
   </div>
   <div class='ocr_carea' id='block_1_3' title="bbox 413 2560 990 2670">
    <p class='ocr_par' dir='ltr' id='par_1_3' title="bbox 413 2560 990 2670">
     <span class='ocr_line' id='line_1_16' title="bbox 413 2560 990 2670; baseline -0.003 0"><span class='ocrx_word' id='word_1_137' title='bbox 413 2560 648 2670; x_wconf 81' lang='lat' dir='ltr'>Confirmatio</span> <span class='ocrx_word' id='word_1_138' title='bbox 665 2594 848 2667; x_wconf 91' lang='lat' dir='ltr'>cuiusdam</span> <span class='ocrx_word' id='word_1_139' title='bbox 865 2607 963 2669; x_wconf 89' lang='lat' dir='ltr'>carte</span> <span class='ocrx_word' id='word_1_140' title='bbox 982 2638 990 2654; x_wconf 89' lang='lat'><strong>·</strong></span> 
     </span>
    </p>
   </div>
   <div class='ocr_carea' id='block_1_4' title="bbox 410 2801 1754 4156">
    <p class='ocr_par' dir='ltr' id='par_1_4' title="bbox 410 2801 1754 4156">
     <span class='ocr_line' id='line_1_17' title="bbox 958 2801 1212 2906; baseline 0 -4"><span class='ocrx_word' id='word_1_141' title='bbox 958 2801 1212 2906; x_wconf 58' lang='lat' dir='ltr'>[suceide]</span> 
     </span>
     <span class='ocr_line' id='line_1_18' title="bbox 413 2909 1751 3012; baseline 0.004 -5"><span class='ocrx_word' id='word_1_142' title='bbox 413 2909 673 3007; x_wconf 88' lang='lat' dir='ltr'>Donationem</span> <span class='ocrx_word' id='word_1_143' title='bbox 700 2926 961 3003; x_wconf 85' lang='lat' dir='ltr'>concelfionem</span> <span class='ocrx_word' id='word_1_144' title='bbox 985 2941 1024 3004; x_wconf 89' lang='lat' dir='ltr'>et</span> <span class='ocrx_word' id='word_1_145' title='bbox 1049 2935 1330 3007; x_wconf 89' lang='lat' dir='ltr'>infeodaticnem</span> <span class='ocrx_word' id='word_1_146' title='bbox 1355 2939 1393 3007; x_wconf 94' lang='lat' dir='ltr'>in</span> <span class='ocrx_word' id='word_1_147' title='bbox 1414 2938 1539 3010; x_wconf 88' lang='lat' dir='ltr'>eadem</span> <span class='ocrx_word' id='word_1_148' title='bbox 1563 2950 1751 3012; x_wconf 89' lang='lat' dir='ltr'>contentas</span> 
     </span>
     <span class='ocr_line' id='line_1_19' title="bbox 413 3043 1751 3141; baseline 0.007 -26"><span class='ocrx_word' id='word_1_149' title='bbox 413 3088 421 3104; x_wconf 90' lang='lat'><strong>·</strong></span> <span class='ocrx_word' id='word_1_150' title='bbox 450 3085 457 3101; x_wconf 92' lang='lat'><strong>·</strong></span> <span class='ocrx_word' id='word_1_151' title='bbox 488 3083 497 3101; x_wconf 87' lang='lat'><strong>·</strong></span> <span class='ocrx_word' id='word_1_152' title='bbox 522 3043 775 3116; x_wconf 89' lang='lat' dir='ltr'>confirmamus</span> <span class='ocrx_word' id='word_1_153' title='bbox 809 3045 1065 3138; x_wconf 88' lang='lat' dir='ltr'>inperpetuum</span> <span class='ocrx_word' id='word_1_154' title='bbox 1096 3085 1105 3103; x_wconf 86' lang='lat'><strong>·</strong></span> <span class='ocrx_word' id='word_1_155' title='bbox 1135 3084 1143 3101; x_wconf 91' lang='lat'><strong>·</strong></span> <span class='ocrx_word' id='word_1_156' title='bbox 1174 3083 1183 3101; x_wconf 92' lang='lat'><strong>·</strong></span> <span class='ocrx_word' id='word_1_157' title='bbox 1212 3045 1323 3141; x_wconf 84' lang='lat' dir='ltr'>Apud</span> <span class='ocrx_word' id='word_1_158' title='bbox 1358 3048 1554 3122; x_wconf 90' lang='lat' dir='ltr'>Aberdone</span> <span class='ocrx_word' id='word_1_159' title='bbox 1584 3049 1751 3125; x_wconf 83' lang='lat' dir='ltr'>vicefimo</span> 
     </span>
     <span class='ocr_line' id='line_1_20' title="bbox 411 3152 1754 3259; baseline 0.006 -31"><span class='ocrx_word' id='word_1_160' title='bbox 411 3157 565 3231; x_wconf 89' lang='lat' dir='ltr'>secundo</span> <span class='ocrx_word' id='word_1_161' title='bbox 590 3156 648 3227; x_wconf 91' lang='lat' dir='ltr'>die</span> <span class='ocrx_word' id='word_1_162' title='bbox 671 3152 802 3226; x_wconf 82' lang='lat' dir='ltr'>mensis</span> <span class='ocrx_word' id='word_1_163' title='bbox 820 3156 958 3251; x_wconf 84' lang='lat' dir='ltr'>Aprilis</span> <span class='ocrx_word' id='word_1_164' title='bbox 984 3181 1079 3229; x_wconf 91' lang='lat' dir='ltr'>auno</span> <span class='ocrx_word' id='word_1_165' title='bbox 1097 3157 1246 3229; x_wconf 91' lang='lat' dir='ltr'>Domini</span> <span class='ocrx_word' id='word_1_166' title='bbox 1269 3154 1458 3232; x_wconf 78' lang='lat' dir='ltr'>millesimo</span> <span class='ocrx_word' id='word_1_167' title='bbox 1476 3164 1754 3259; x_wconf 87' lang='lat' dir='ltr'>quadringente-</span> 
     </span>
     <span class='ocr_line' id='line_1_21' title="bbox 412 3262 1752 3369; baseline 0.004 -28"><span class='ocrx_word' id='word_1_168' title='bbox 412 3267 500 3341; x_wconf 87' lang='lat' dir='ltr'>fimo</span> <span class='ocrx_word' id='word_1_169' title='bbox 526 3262 796 3362; x_wconf 79' lang='lat' dir='ltr'>quadragesimo</span> <span class='ocrx_word' id='word_1_170' title='bbox 818 3279 946 3361; x_wconf 91' lang='lat' dir='ltr'>quarto</span> <span class='ocrx_word' id='word_1_171' title='bbox 971 3266 1124 3342; x_wconf 89' lang='lat' dir='ltr'>testibus</span> <span class='ocrx_word' id='word_1_172' title='bbox 1151 3273 1349 3343; x_wconf 89' lang='lat' dir='ltr'>reuerendo</span> <span class='ocrx_word' id='word_1_173' title='bbox 1366 3274 1404 3343; x_wconf 92' lang='lat' dir='ltr'>iu</span> <span class='ocrx_word' id='word_1_174' title='bbox 1422 3271 1560 3345; x_wconf 85' lang='lat' dir='ltr'>Christo</span> <span class='ocrx_word' id='word_1_175' title='bbox 1586 3289 1688 3369; x_wconf 81' lang='lat' dir='ltr'>patre</span> <span class='ocrx_word' id='word_1_176' title='bbox 1714 3288 1752 3347; x_wconf 89' lang='lat' dir='ltr'>et</span> 
     </span>
     <span class='ocr_line' id='line_1_22' title="bbox 412 3378 1753 3475; baseline 0.004 -21"><span class='ocrx_word' id='word_1_177' title='bbox 412 3383 557 3455; x_wconf 90' lang='lat' dir='ltr'>domino</span> <span class='ocrx_word' id='word_1_178' title='bbox 571 3381 717 3451; x_wconf 91' lang='lat' dir='ltr'>domino</span> <span class='ocrx_word' id='word_1_179' title='bbox 731 3378 922 3474; x_wconf 83' lang='lat' dir='ltr'>Ingeramo</span> <span class='ocrx_word' id='word_1_180' title='bbox 936 3379 1101 3475; x_wconf 89' lang='lat' dir='ltr'>episcopo</span> <span class='ocrx_word' id='word_1_181' title='bbox 1114 3380 1364 3455; x_wconf 85' lang='lat' dir='ltr'>Aberdonenli</span> <span class='ocrx_word' id='word_1_182' title='bbox 1378 3425 1385 3442; x_wconf 91' lang='lat'><strong>·</strong></span> <span class='ocrx_word' id='word_1_183' title='bbox 1400 3386 1581 3459; x_wconf 92' lang='lat' dir='ltr'>nobilibus</span> <span class='ocrx_word' id='word_1_184' title='bbox 1599 3389 1753 3460; x_wconf 89' lang='lat' dir='ltr'>dominis</span> 
     </span>
     <span class='ocr_line' id='line_1_23' title="bbox 412 3491 1752 3587; baseline 0.005 -22"><span class='ocrx_word' id='word_1_185' title='bbox 412 3494 602 3567; x_wconf 88' lang='lat' dir='ltr'>Willelmo</span> <span class='ocrx_word' id='word_1_186' title='bbox 634 3493 779 3564; x_wconf 91' lang='lat' dir='ltr'>domino</span> <span class='ocrx_word' id='word_1_187' title='bbox 808 3493 853 3563; x_wconf 89' lang='lat' dir='ltr'>de</span> <span class='ocrx_word' id='word_1_188' title='bbox 880 3491 986 3587; x_wconf 87' lang='lat' dir='ltr'>Haya</span> <span class='ocrx_word' id='word_1_189' title='bbox 1012 3492 1272 3567; x_wconf 91' lang='lat' dir='ltr'>constabulario</span> <span class='ocrx_word' id='word_1_190' title='bbox 1303 3495 1425 3568; x_wconf 86' lang='lat' dir='ltr'>Scotie</span> <span class='ocrx_word' id='word_1_191' title='bbox 1444 3538 1451 3554; x_wconf 94' lang='lat'><strong>·</strong></span> <span class='ocrx_word' id='word_1_192' title='bbox 1470 3497 1680 3571; x_wconf 86' lang='lat' dir='ltr'>Alexandro</span> <span class='ocrx_word' id='word_1_193' title='bbox 1706 3502 1752 3572; x_wconf 92' lang='lat' dir='ltr'>de</span> 
     </span>
     <span class='ocr_line' id='line_1_24' title="bbox 412 3603 1752 3706; baseline 0.004 -26"><span class='ocrx_word' id='word_1_194' title='bbox 412 3608 547 3680; x_wconf 87' lang='lat' dir='ltr'>Forbes</span> <span class='ocrx_word' id='word_1_195' title='bbox 575 3607 721 3676; x_wconf 91' lang='lat' dir='ltr'>domino</span> <span class='ocrx_word' id='word_1_196' title='bbox 751 3603 910 3676; x_wconf 90' lang='lat' dir='ltr'>eiusdem</span> <span class='ocrx_word' id='word_1_197' title='bbox 936 3648 944 3664; x_wconf 87' lang='lat'><strong>·</strong></span> <span class='ocrx_word' id='word_1_198' title='bbox 968 3605 1156 3678; x_wconf 91' lang='lat' dir='ltr'>Willelmo</span> <span class='ocrx_word' id='word_1_199' title='bbox 1184 3608 1230 3679; x_wconf 91' lang='lat' dir='ltr'>de</span> <span class='ocrx_word' id='word_1_200' title='bbox 1257 3607 1359 3680; x_wconf 89' lang='lat' dir='ltr'>Keth</span> <span class='ocrx_word' id='word_1_201' title='bbox 1387 3609 1461 3681; x_wconf 91' lang='lat' dir='ltr'>filio</span> <span class='ocrx_word' id='word_1_202' title='bbox 1488 3620 1527 3682; x_wconf 89' lang='lat' dir='ltr'>et</span> <span class='ocrx_word' id='word_1_203' title='bbox 1556 3623 1752 3706; x_wconf 89' lang='lat' dir='ltr'>apparente</span> 
     </span>
     <span class='ocr_line' id='line_1_25' title="bbox 410 3715 1754 3814; baseline 0.004 -24"><span class='ocrx_word' id='word_1_204' title='bbox 410 3720 543 3792; x_wconf 91' lang='lat' dir='ltr'>herede</span> <span class='ocrx_word' id='word_1_205' title='bbox 560 3716 710 3788; x_wconf 91' lang='lat' dir='ltr'>Andree</span> <span class='ocrx_word' id='word_1_206' title='bbox 737 3718 782 3788; x_wconf 90' lang='lat' dir='ltr'>de</span> <span class='ocrx_word' id='word_1_207' title='bbox 808 3715 911 3788; x_wconf 90' lang='lat' dir='ltr'>Keth</span> <span class='ocrx_word' id='word_1_208' title='bbox 938 3718 983 3788; x_wconf 90' lang='lat' dir='ltr'>de</span> <span class='ocrx_word' id='word_1_209' title='bbox 1001 3717 1185 3814; x_wconf 84' lang='lat' dir='ltr'>Inuerugy</span> <span class='ocrx_word' id='word_1_210' title='bbox 1203 3761 1211 3779; x_wconf 93' lang='lat'><strong>·</strong></span> <span class='ocrx_word' id='word_1_211' title='bbox 1229 3719 1371 3792; x_wconf 88' lang='lat' dir='ltr'>Joanne</span> <span class='ocrx_word' id='word_1_212' title='bbox 1390 3723 1435 3793; x_wconf 88' lang='lat' dir='ltr'>de</span> <span class='ocrx_word' id='word_1_213' title='bbox 1453 3721 1588 3795; x_wconf 87' lang='lat' dir='ltr'>Forbes</span> <span class='ocrx_word' id='word_1_214' title='bbox 1606 3726 1651 3795; x_wconf 87' lang='lat' dir='ltr'>de</span> <span class='ocrx_word' id='word_1_215' title='bbox 1667 3724 1754 3797; x_wconf 86' lang='lat' dir='ltr'>Tul·</span> 
     </span>
     <span class='ocr_line' id='line_1_26' title="bbox 410 3826 1752 3930; baseline 0.004 -28"><span class='ocrx_word' id='word_1_216' title='bbox 410 3831 553 3924; x_wconf 91' lang='lat' dir='ltr'>quhone</span> <span class='ocrx_word' id='word_1_217' title='bbox 579 3829 755 3900; x_wconf 91' lang='lat' dir='ltr'>militibus</span> <span class='ocrx_word' id='word_1_218' title='bbox 774 3869 782 3886; x_wconf 90' lang='lat'><strong>·</strong></span> <span class='ocrx_word' id='word_1_219' title='bbox 800 3826 1012 3900; x_wconf 87' lang='lat' dir='ltr'>Alexandro</span> <span class='ocrx_word' id='word_1_220' title='bbox 1040 3831 1085 3902; x_wconf 90' lang='lat' dir='ltr'>de</span> <span class='ocrx_word' id='word_1_221' title='bbox 1110 3830 1262 3904; x_wconf 91' lang='lat' dir='ltr'>Dnnbar</span> <span class='ocrx_word' id='word_1_222' title='bbox 1278 3871 1287 3889; x_wconf 92' lang='lat'><strong>·</strong></span> <span class='ocrx_word' id='word_1_223' title='bbox 1306 3833 1495 3906; x_wconf 90' lang='lat' dir='ltr'>Willelmo</span> <span class='ocrx_word' id='word_1_224' title='bbox 1513 3837 1557 3907; x_wconf 89' lang='lat' dir='ltr'>de</span> <span class='ocrx_word' id='word_1_225' title='bbox 1576 3835 1681 3930; x_wconf 87' lang='lat' dir='ltr'>Haya</span> <span class='ocrx_word' id='word_1_226' title='bbox 1706 3839 1752 3908; x_wconf 92' lang='lat' dir='ltr'>de</span> 
     </span>
     <span class='ocr_line' id='line_1_27' title="bbox 412 3939 1752 4037; baseline 0.006 -25"><span class='ocrx_word' id='word_1_227' title='bbox 412 3940 505 4037; x_wconf 85' lang='lat' dir='ltr'>Wry</span> <span class='ocrx_word' id='word_1_228' title='bbox 535 3978 544 3996; x_wconf 87' lang='lat'><strong>·</strong></span> <span class='ocrx_word' id='word_1_229' title='bbox 576 3939 734 4011; x_wconf 89' lang='lat' dir='ltr'>Patricio</span> <span class='ocrx_word' id='word_1_230' title='bbox 770 3941 815 4011; x_wconf 92' lang='lat' dir='ltr'>de</span> <span class='ocrx_word' id='word_1_231' title='bbox 850 3940 1020 4013; x_wconf 89' lang='lat' dir='ltr'>Matiand</span> <span class='ocrx_word' id='word_1_232' title='bbox 1056 3944 1101 4014; x_wconf 90' lang='lat' dir='ltr'>de</span> <span class='ocrx_word' id='word_1_233' title='bbox 1136 3942 1294 4016; x_wconf 87' lang='lat' dir='ltr'>Scheves</span> <span class='ocrx_word' id='word_1_234' title='bbox 1325 3986 1333 4002; x_wconf 91' lang='lat'><strong>·</strong></span> <span class='ocrx_word' id='word_1_235' title='bbox 1365 3944 1503 4019; x_wconf 87' lang='lat' dir='ltr'>Thoma</span> <span class='ocrx_word' id='word_1_236' title='bbox 1537 3948 1582 4018; x_wconf 90' lang='lat' dir='ltr'>de</span> <span class='ocrx_word' id='word_1_237' title='bbox 1616 3941 1752 4021; x_wconf 86' lang='lat' dir='ltr'>Forbcs</span> 
     </span>
     <span class='ocr_line' id='line_1_28' title="bbox 412 4046 1753 4156; baseline 0.007 -32"><span class='ocrx_word' id='word_1_238' title='bbox 412 4049 582 4148; x_wconf 86' lang='lat' dir='ltr'>Dauyson</span> <span class='ocrx_word' id='word_1_239' title='bbox 614 4091 621 4108; x_wconf 91' lang='lat'><strong>·</strong></span> <span class='ocrx_word' id='word_1_240' title='bbox 648 4046 838 4124; x_wconf 87' lang='lat' dir='ltr'>Willelmo</span> <span class='ocrx_word' id='word_1_241' title='bbox 870 4051 1024 4126; x_wconf 88' lang='lat' dir='ltr'>Scherar</span> <span class='ocrx_word' id='word_1_242' title='bbox 1053 4056 1099 4127; x_wconf 91' lang='lat' dir='ltr'>de</span> <span class='ocrx_word' id='word_1_243' title='bbox 1128 4055 1332 4150; x_wconf 87' lang='lat' dir='ltr'>Kynnellar</span> <span class='ocrx_word' id='word_1_244' title='bbox 1365 4060 1549 4156; x_wconf 84' lang='lat' dir='ltr'>armigeris</span> <span class='ocrx_word' id='word_1_245' title='bbox 1575 4099 1584 4117; x_wconf 93' lang='lat'><strong>·</strong></span> <span class='ocrx_word' id='word_1_246' title='bbox 1610 4074 1648 4132; x_wconf 88' lang='lat' dir='ltr'>et</span> <span class='ocrx_word' id='word_1_247' title='bbox 1677 4086 1753 4133; x_wconf 88' lang='lat' dir='ltr'>rna·</span> 
     </span>
    </p>
   </div>
   <div class='ocr_carea' id='block_1_5' title="bbox 409 4162 1751 4369">
    <p class='ocr_par' dir='ltr' id='par_1_5' title="bbox 409 4162 1751 4369">
     <span class='ocr_line' id='line_1_29' title="bbox 409 4162 1751 4264; baseline 0.004 -29"><span class='ocrx_word' id='word_1_248' title='bbox 409 4162 518 4261; x_wconf 81' lang='lat' dir='ltr'>gistro</span> <span class='ocrx_word' id='word_1_249' title='bbox 543 4163 710 4236; x_wconf 89' lang='lat' dir='ltr'>Johanne</span> <span class='ocrx_word' id='word_1_250' title='bbox 736 4164 900 4258; x_wconf 74' lang='lat' dir='ltr'>Cadigou</span> <span class='ocrx_word' id='word_1_251' title='bbox 930 4166 1061 4241; x_wconf 89' lang='lat' dir='ltr'>clerico</span> <span class='ocrx_word' id='word_1_252' title='bbox 1087 4178 1125 4239; x_wconf 88' lang='lat' dir='ltr'>et</span> <span class='ocrx_word' id='word_1_253' title='bbox 1151 4171 1291 4241; x_wconf 90' lang='lat' dir='ltr'>notario</span> <span class='ocrx_word' id='word_1_254' title='bbox 1314 4169 1461 4264; x_wconf 79' lang='lat' dir='ltr'>publico</span> <span class='ocrx_word' id='word_1_255' title='bbox 1486 4213 1495 4230; x_wconf 89' lang='lat'><strong>·</strong></span> <span class='ocrx_word' id='word_1_256' title='bbox 1518 4195 1601 4243; x_wconf 91' lang='lat' dir='ltr'>cum</span> <span class='ocrx_word' id='word_1_257' title='bbox 1627 4174 1751 4245; x_wconf 85' lang='lat' dir='ltr'>multis</span> 
     </span>
     <span class='ocr_line' id='line_1_30' title="bbox 410 4272 737 4369; baseline -0.015 -19"><span class='ocrx_word' id='word_1_258' title='bbox 410 4288 448 4350; x_wconf 92' lang='lat' dir='ltr'>et</span> <span class='ocrx_word' id='word_1_259' title='bbox 466 4272 614 4348; x_wconf 88' lang='lat' dir='ltr'>diuerfis</span> <span class='ocrx_word' id='word_1_260' title='bbox 632 4275 711 4369; x_wconf 91' lang='lat' dir='ltr'>alijs</span> <span class='ocrx_word' id='word_1_261' title='bbox 730 4318 737 4331; x_wconf 90' lang='lat'><strong>·</strong></span> 
     </span>
    </p>
   </div>
   <div class='ocr_carea' id='block_1_6' title="bbox 0 0 2048 5430">
    <p class='ocr_par' dir='ltr' id='par_1_6' title="bbox 0 0 2048 5430">
     <span class='ocr_line' id='line_1_31' title="bbox 0 0 2048 5430; baseline 0 0"><span class='ocrx_word' id='word_1_262' title='bbox 0 0 2048 5430; x_wconf 95' lang='lat' dir='ltr'> </span> 
     </span>
    </p>
   </div>
  </div>
 </body>
</html>
