4088 5430
358 616 459 711 m]
737 596 740 601 ’
808 616 1212 692 ABERDONENSE.
1349 610 1352 614 ’
1631 628 1701 701 369

635 815 863 910 Larthtquhy
876 826 914 888 et
933 815 1120 910 Petteway
1138 842 1221 889 oum
1238 815 1399 891 brafina·

355 924 533 1001 affedatur
561 951 626 1021 pro
657 929 742 1020 ·xiij·
756 926 818 997 lib·
836 929 892 1022 ·vj·
909 929 938 1000 §-
957 929 1043 1023 ·viij·
1061 926 1096 998 d·
1111 952 1181 1002 vna
1198 941 1314 1004 marta
1331 933 1402 1025 ·iiij·
1420 934 1629 1004 mutonibus
1654 936 1697 1027 ·ij·

355 1041 478 1113 vitulis
499 1042 582 1134 -viij·
600 1041 702 1112 hedis
726 1064 910 1133 caprarum
938 1042 1010 1132 ·iiij·
1025 1043 1137 1135 petris
1166 1044 1274 1137 butirj
1302 1054 1340 1115 et
1358 1046 1414 1136 ·vj·
1429 1047 1457 1117 ἔ·
1478 1046 1560 1139 ·viij·
1578 1042 1612 1116 d·
1631 1070 1696 1140 pro

355 1156 533 1249 bondagio
552 1177 634 1225 cum
652 1151 811 1245 seruieijs
829 1193 837 1210 ·

760 1264 902 1336 Reli8oe
915 1264 1117 1360 Alexandrj
1140 1266 1272 1337 Caldor
1289 1308 1297 1324 ·

800 1485 1066 1578 Auohtlothtyr
1083 1487 1130 1579 ·j·
1149 1496 1267 1557 aratra
1285 1527 1292 1542 ·

353 1597 531 1672 affedatur
552 1623 616 1694 pro
641 1601 723 1692 -viij·
748 1599 810 1670 lib·
829 1602 868 1670 in
893 1621 987 1669 anno
1010 1637 1018 1652 ·
1046 1597 1195 1668 dimidia
1212 1607 1328 1668 marta
1345 1600 1390 1692 ·ij·
1408 1604 1618 1674 mutonibus
1637 1607 1692 1698 -vj·

353 1714 454 1783 hedis
472 1736 659 1806 caprarum
685 1713 802 1783 tribus
827 1713 938 1805 petris
956 1710 1066 1801 butirj
1086 1732 1156 1778 vno
1174 1709 1289 1780 vitulo
1307 1720 1345 1781 et
1364 1712 1422 1804 ·iij·
1440 1735 1466 1782 s·
1486 1715 1558 1808 ·iiij·
1576 1713 1610 1786 d·
1630 1739 1694 1808 pro

354 1825 532 1919 bondagio
546 1849 586 1895 ac
601 1823 758 1917 seruicijs
776 1865 784 1880 ·

351 1935 699 2008 JohanniGordone
801 1990 809 2005 .
910 1936 971 2027 iiij·
990 1937 1024 2005 b
1077 1934 1255 2004 Duncano
1274 1932 1553 2029 Makgillandris
1603 1939 1638 2028 ij·
1657 1936 1692 2009 b·

353 2048 501 2135 Andree
520 2047 677 2119 Donaldi
747 2062 807 2103 '·
909 2048 970 2138 iiij·
986 2048 1020 2117 b·
1075 2046 1236 2116 Roberto
1255 2045 1404 2118 Reauch
1497 2088 1505 2103 ·
1607 2051 1641 2142 ij·
1660 2053 1694 2120 b

353 2158 539 2231 Findelaio
556 2158 769 2232 Andersone
796 2201 803 2216 ·
905 2160 967 2250 iiij·
986 2160 1020 2228 b·

850 2378 1014 2475 Petglaff
1025 2383 1048 2474 ij
1068 2391 1185 2452 aratra
1202 2421 1209 2435 ·

351 2494 528 2569 affedatur
538 2518 602 2589 pro
620 2495 702 2587 ·viij·
715 2494 775 2565 lib
789 2493 938 2564 dimidia
955 2490 1073 2564 mahta
1084 2493 1128 2585 ·ij·
1144 2494 1355 2565 mutonibus
1373 2497 1429 2588 ·vj·
1443 2495 1546 2566 hedis
1571 2520 1693 2590 capra·

351 2634 431 2680 rum
450 2611 509 2703 ·iij·
528 2610 640 2702 petris
653 2608 762 2699 butirj
783 2629 853 2676 vno
866 2605 982 2676 vitulo
996 2616 1034 2676 et
1053 2607 1112 2698 ·iij·
1132 2608 1160 2676 ἓ·
1180 2608 1254 2697 ·iiij·
1279 2603 1315 2676 d·
1333 2631 1397 2700 pro
1408 2607 1590 2702 bondagio
1608 2634 1691 2680 cum

350 2721 509 2816 seruicijs
526 2719 639 2792 solitis
658 2731 696 2790 et
710 2715 890 2790 consuetis
907 2758 914 2773 ·

648 2831 867 2924 Ken3eauoh
997 2883 1006 2899 .
1157 2870 1164 2884 ·
1270 2831 1339 2920 viij·
1357 2832 1390 2900 b·

648 2941 732 3014 Ade
747 2942 776 3012 F
778 2939 983 3012 indelasone
1001 2963 1083 3010 cum
1102 2950 1218 3011 matre
1266 2943 1338 3033 viij·
1357 2943 1390 3012 t>

589 3167 844 3238 Molendinum
864 3161 1041 3237 affedatur
1057 3188 1121 3258 pro
1140 3165 1212 3257 ·iiij·
1234 3165 1295 3234 lib·
1314 3168 1350 3235 in
1369 3189 1463 3237 anno

822 3275 980 3348 Johanni
999 3275 1195 3348 Gordoune
1214 3318 1221 3333 ·

425 3451 629 3543 Keithtbeg
646 3444 822 3519 affedatur
838 3467 902 3537 pro
920 3445 978 3537 ·iij·
996 3443 1057 3514 lib·
1078 3447 1133 3537 ·vj·
1152 3446 1180 3515 ἓ·
1200 3447 1282 3536 -viij·
1301 3441 1335 3515 d·
1355 3470 1436 3516 eum
1458 3445 1638 3540 seruicijs·

480 3673 611 3745 Libera
628 3667 758 3741 foresta
774 3670 819 3738 de
838 3668 1040 3760 Glenrynes
1059 3666 1136 3762 [et]
1157 3669 1335 3763 focagium
1353 3667 1510 3742 eiusdem
1530 3713 1537 3728 ·

808 3779 1036 3852 reseruantur
1054 3779 1200 3850 domino
1215 3822 1222 3836 ·

349 3960 498 4030 Summa
516 3956 560 4026 de
587 3962 761 4023 terrarum
778 3949 890 4018 firmis
911 3948 1017 4039 hujus
1068 3947 1219 4018 Summa
1235 3959 1426 4020 mutonum
1527 3994 1534 4008 ·
1629 3981 1686 4026 xv.

397 4069 544 4159 dominij
639 4103 647 4118 ·
748 4101 756 4116 ·
859 4060 934 4131 lxx·
954 4059 1014 4130 lib·
1067 4058 1218 4131 Summa
1235 4061 1430 4132 vitulorum
1601 4071 1644 4160 vj.
1661 4094 1688 4162 3.

349 4183 499 4253 Summa
515 4176 678 4272 gersume
758 4227 765 4242 .
900 4171 934 4263 ij·
953 4170 1015 4241 lib·
1068 4171 1219 4241 Summa
1237 4174 1345 4266 butirj

348 4293 498 4364 Summa
517 4289 773 4381 bondagiorum
1207 4287 1281 4378 xxj·
1297 4295 1400 4378 petre
1418 4309 1499 4357 cum
1514 4289 1662 4365 dimidia
1680 4336 1687 4352 ·

730 4396 826 4487 xxvj·
843 4397 871 4466 ἔ·
892 4395 962 4486 viij·
981 4392 1017 4465 d·
1070 4393 1689 4499 Summahedorumcaprarumxliij.

349 4519 500 4589 Summa
517 4523 712 4584 martarum
765 4549 773 4565 ·
924 4507 971 4598 iij·
989 4531 1016 4601 3·
1070 4505 1219 4578 Summa
1236 4519 1435 4581 aratrorum
1602 4519 1687 4608 xvij.

987 4627 1049 4692 3Α
