4088 5430
345 627 416 692 338
740 637 742 640 ⁴
865 617 1170 690 REGISTRUM
1534 618 1691 713 [sucum

347 815 526 912 Lummay
541 858 548 875 ·
565 818 709 890 Gauino
729 817 894 889 Dumbar
911 819 956 888 de
974 817 1218 910 Creyehmout
1237 855 1244 872 ·
1264 814 1480 887 Alexandro
1497 815 1625 888 Cabell
1644 818 1690 887 de

349 929 539 1023 Bauohory
559 930 727 1023 deuyue·
748 929 939 1000 Willelmo
956 928 1163 1022 Creychton
1182 929 1227 998 de
1245 925 1493 1020 Inuernochty
1511 968 1519 983 ·
1538 928 1692 1020 preben-

349 1042 455 1135 darijs
483 1051 520 1113 et
544 1043 725 1114 canonicis
743 1038 1052 1113 Abirdoneusrbus
1071 1081 1078 1096 ·
1098 1063 1180 1110 oum
1198 1035 1517 1131 subscriptionibus
1534 1037 1691 1132 episcopi

350 1163 389 1225 et
406 1153 596 1226 duodecim
614 1155 866 1226 canonicorum
885 1195 893 1210 ·

354 1542 640 1616 Instrumentum
663 1543 769 1639 super
785 1542 1024 1640 resignatione
1050 1569 1100 1615 xx
1125 1543 1319 1615 solidorum
1346 1547 1383 1614 in
1410 1545 1569 1616 fauorem
1589 1546 1694 1617 Dun-

352 1658 433 1729 oani
451 1658 604 1730 Scherar
621 1699 629 1713 ·

356 1915 440 2011 Per
457 1939 524 2010 hoo
541 1935 686 2031 presens
703 1940 889 2031 publicum
907 1937 1187 2009 instrumentum
1206 1935 1345 2009 cundtis
1361 1947 1486 2029 pateat
1503 1938 1694 2011 euidenter

353 2051 449 2144 quod
465 2071 535 2121 an.
550 2071 819 2122 u.cccc.xcv11.
834 2047 965 2121 mensis
980 2074 1063 2121 vero
1077 2049 1215 2143 Aprilis
1230 2051 1288 2120 die
1302 2050 1376 2142 xvij
1391 2089 1399 2105 ·
1415 2089 1422 2105 ·
1438 2087 1446 2105 ·
1461 2047 1695 2143 personaliter

353 2159 571 2235 constitutus
583 2163 801 2234 honorabilis
813 2167 867 2234 vir
876 2163 900 2233 J
902 2165 1062 2234 ohannes
1073 2161 1254 2233 Collisone
1266 2158 1449 2256 burgensis
1461 2162 1505 2233 de
1520 2161 1692 2235 Aberden

292 2357 296 2365 ¹
353 2314 361 2332 ·
380 2317 388 2334 ·
408 2315 417 2334 ·
436 2277 534 2345 omni
548 2277 616 2344 iuri
634 2275 730 2365 quod
748 2315 756 2330 ·
774 2313 783 2330 ·
801 2315 809 2332 ·
828 2276 1029 2347 habnitaut
1042 2275 1175 2345 habere
1193 2275 1313 2367 potuit
1331 2275 1368 2343 in
1387 2284 1425 2344 et
1443 2271 1488 2343 ad
1507 2297 1616 2343 vnum
1631 2299 1695 2346 au-

355 2410 468 2460 nuum
481 2387 664 2457 redditum
679 2389 807 2481 viginti
820 2386 1013 2459 solidorum
1031 2427 1039 2445 ·
1059 2427 1067 2444 ·
1087 2427 1095 2445 ·
1115 2395 1312 2457 exeuntem
1327 2387 1372 2456 de
1386 2386 1498 2456 fundo
1516 2424 1524 2442 ·
1543 2428 1550 2443 ·
1569 2427 1577 2442 ·
1598 2398 1694 2459 terre

354 2499 414 2572 sue
432 2509 506 2571 tam
525 2500 712 2570 anterioris
730 2523 836 2591 quam
855 2501 1034 2571 interioris
1051 2500 1202 2571 iacentis
1220 2499 1313 2568 infra
1330 2498 1464 2569 dietum
1482 2498 1638 2592 burgum
1656 2503 1693 2571 in

355 2614 434 2684 vieo
452 2612 630 2681 furcarum
645 2634 690 2680 ex
705 2611 869 2681 orientali
884 2620 985 2702 parte
1000 2610 1157 2681 eiusdem
1174 2611 1241 2680 vic-i
1255 2611 1352 2680 iuter
1365 2619 1498 2680 terram
1512 2613 1694 2701 quondam

356 2722 535 2794 Willelmi
547 2722 706 2813 Cantuly
717 2746 762 2792 ex
775 2720 918 2794 australi
933 2732 1034 2816 parte
1048 2746 1094 2792 ex
1109 2746 1178 2792 vna
1195 2733 1232 2792 et
1251 2733 1383 2793 terram
1399 2721 1544 2794 Ricardi
1559 2723 1633 2817 Hyl
1646 2750 1693 2796 ex

357 2835 483 2908 boriali
501 2833 663 2926 partibus
680 2835 725 2905 ab
743 2834 856 2905 altera
873 2844 911 2905 et
928 2858 1137 2905 communes
1156 2835 1230 2905 vias
1248 2836 1364 2927 regias
1383 2831 1502 2905 versus
1520 2838 1637 2906 oriens
1656 2847 1695 2909 et

357 2947 524 3019 occidens
541 2969 604 3039 pro
623 2943 658 3016 se
676 2946 868 3017 heredibus
885 2945 957 3017 suis
975 2957 1013 3017 et
1030 2945 1101 3016 suia
1119 2942 1300 3040 assignatis
1318 2948 1547 3017 renunciauit
1566 2950 1698 3042 imper-

355 3070 505 3153 petuum
533 3059 682 3129 Andree
708 3057 865 3129 Anoroft
888 3097 895 3114 ·
922 3100 931 3116 ·
960 3100 967 3115 ·
996 3068 1034 3129 et
1055 3053 1229 3128 assensum
1247 3082 1288 3129 ac
1306 3057 1458 3150 speciale
1483 3061 1694 3131 mandatum

357 3168 497 3267 [dedit]
526 3171 680 3241 eundem
704 3193 865 3242 annuum
892 3172 1072 3241 redditum
1094 3169 1287 3240 venerabili
1314 3172 1387 3239 viro
1406 3168 1573 3264 magistro
1591 3172 1696 3243 Dun-

355 3307 445 3356 oano
463 3281 616 3354 Scherar
633 3284 804 3353 canonico
821 3278 1072 3354 Aberdoneuli
1091 3283 1245 3352 vendere
1264 3294 1302 3352 et
1320 3282 1476 3353 alienare
1495 3320 1502 3335 ·
1520 3323 1528 3339 ·
1548 3322 1556 3337 ·
1576 3283 1697 3377 Super

355 3398 507 3490 quibus·
527 3433 560 3450 ··
581 3392 697 3465 didius
715 3391 882 3487 magister
897 3394 1095 3467 Duncauus
1112 3391 1176 3464 fibi
1196 3394 1271 3464 lieri
1290 3396 1398 3487 petijt
1416 3393 1559 3486 presens
1576 3397 1696 3488 publi-

355 3531 438 3581 cum
452 3504 730 3577 instrumentum
749 3545 757 3565 ·
777 3544 785 3562 ·
804 3543 812 3560 ·
831 3505 925 3575 aaa
944 3517 1046 3576 orant
1064 3506 1130 3576 heo
1148 3506 1241 3576 infra
1258 3506 1393 3575 dietum
1413 3506 1565 3601 burgum
1585 3548 1592 3563 ·

356 3899 468 3971 Carta
491 3898 537 3967 ab
558 3897 707 3971 Andrea
733 3895 889 3967 Aucroft
914 3896 1007 3967 sada
1033 3894 1136 3989 super
1161 3896 1294 3969 eisdem
1320 3894 1488 3995 magistro
1515 3897 1695 3972 Duuoano

355 4011 507 4083 Soharar
524 4050 532 4064 ·

355 4268 532 4364 Andreas
550 4289 734 4360 Aucroft·
757 4327 765 4345 ·
789 4291 987 4361 ·noueritis
1004 4312 1085 4360 me·
1108 4329 1116 4346 ·
1144 4313 1251 4361 ·cu1n
1269 4287 1439 4382 exprellis
1456 4287 1627 4361 consensu
1655 4306 1694 4364 et

353 4399 490 4477 assensu
507 4400 684 4472 Johannis
702 4399 867 4473 Colisone
893 4443 902 4459 ·
929 4443 937 4460 ·
966 4440 973 4456 ·
1001 4400 1225 4473 vendidisse·
1247 4440 1255 4458 ·
1282 4441 1290 4458 ·
1315 4399 1484 4497 magistro
1515 4404 1694 4479 Duncano

354 4515 507 4587 Scherar
524 4515 696 4584 canonico
707 4508 958 4585 Aberdonensr
975 4514 1102 4584 redori
1115 4514 1160 4585 de
1171 4513 1274 4586 Clat·
1290 4553 1298 4570 ·
1312 4553 1320 4572 ·
1334 4538 1495 4587 aunuum
1509 4517 1692 4590 redditum
