4088 5430
871 617 1175 693 REGISTRUM
1528 615 1688 712 [11111111

346 1049 513 1120 Secunde
531 1047 668 1117 decime
682 1040 857 1113 ordinarie
874 1047 978 1109 extra
988 1035 1164 1108 diocesem
1183 1034 1472 1108 Abirdonensem
1491 1036 1629 1110 scilicet
1647 1041 1689 1109 in

347 1157 475 1233 diocefi
494 1151 740 1229 Morauienfi·

347 1494 549 1590 Carnowfl'y
648 1547 657 1565 .
756 1489 830 1581 xiij·
849 1489 877 1558 ἔ·
897 1482 958 1580 iiij·
974 1480 1009 1554 d·
1062 1483 1263 1556 Nathirdul
1368 1540 1375 1554 .
1445 1488 1489 1578 vj·
1509 1489 1537 1558 ἕ.
1558 1488 1630 1579 viij.
1649 1485 1688 1558 d.

667 1604 817 1676 Summa
834 1608 938 1669 extra
954 1593 1129 1668 diocesem
1147 1598 1373 1690 prodictam·
1412 1596 1428 1692 [
1644 1597 1660 1691 ]

349 1833 499 1904 Summa
515 1834 676 1902 omnium
702 1829 920 1900 decimarum
946 1818 1182 1892 secundarum
1200 1823 1237 1890 in
1264 1817 1404 1892 diocese
1425 1832 1464 1893 et
1490 1832 1595 1895 extra
1613 1824 1692 1895 dio·

349 1944 464 2016 cesam
483 1944 673 2015 extendit·
693 1941 710 2037 [
1160 1930 1176 2024 ]

351 2281 517 2354 Secunde
535 2281 672 2351 decime
690 2281 971 2352 extraordinarie
985 2283 1081 2351 inter
1099 2280 1156 2352 De
1173 2291 1212 2352 et
1230 2281 1327 2376 Spey
1344 2294 1382 2355 et
1397 2286 1692 2356 vicecomitatum

353 2395 398 2464 de
415 2392 608 2464 Aberdene
626 2400 664 2462 61
682 2390 812 2462 Banff·

450 2620 602 2691 Decima
635 2617 773 2687 itineris
808 2613 999 2687 iusticiarie
1040 2619 1313 2690 vicecomitatus
1347 2619 1392 2689 de
1428 2618 1615 2691 Abirdene
1652 2631 1692 2690 11

450 2730 629 2823 contingit
647 2730 685 2797 in
703 2730 868 2798 extracto
882 2725 1042 2799 eiusdem
1061 2769 1068 2785 ·

454 2844 606 2914 Decima
622 2840 762 2911 itineris
776 2837 969 2911 iusticiarie
987 2841 1032 2911 de
1044 2837 1145 2910 Banf
1158 2850 1198 2911 vt
1216 2844 1396 2936 contingit
1413 2845 1451 2912 in
1468 2845 1633 2914 1111118111
1652 2885 1660 2901 ·

451 2956 604 3026 Decima
638 2953 777 3022 itineris
812 2953 1005 3023 camerarie
1039 2950 1125 3022 ville
1151 2951 1340 3024 Abirdene
1367 2965 1406 3024 vt
1436 2956 1615 3049 contingit
1651 2957 1691 3025 in

452 3067 642 3138 1111111111·

453 3180 605 3251 Decima
635 3177 774 3246 itineris
811 3179 1004 3247 camerarie
1038 3175 1122 3245 ville
1159 3176 1204 3246 de
1235 3177 1334 3247 Banf
1365 3187 1404 3246 vt
1440 3179 1620 3273 contingit
1655 3180 1693 3249 in

452 3288 637 3363 extractu-

373 3400 378 3408 '
454 3405 606 3474 Decima
618 3401 757 3471 itineris
774 3402 966 3470 camerarie
980 3398 1065 3469 ville
1079 3399 1123 3469 de
1138 3399 1239 3492 Fyuy
1253 3411 1292 3471 vt
1306 3403 1484 3496 contingit
1501 3397 1666 3474 similiter
1683 3444 1692 3460 ·

454 3514 606 3585 Decima
622 3512 761 3581 itineris
778 3513 971 3581 camerarie
989 3511 1074 3581 ville
1092 3512 1137 3582 de
1155 3511 1290 3582 Kintor
1304 3524 1343 3583 vt
1357 3516 1535 3608 contingit
1553 3554 1561 3569 ·

454 3626 550 3699 Item
569 3625 708 3696 decima
725 3645 855 3692 canum
873 3624 1021 3692 nauium
1040 3646 1109 3714 que
1128 3625 1279 3694 veniunt
1296 3625 1340 3695 ad
1358 3624 1552 3697 Aberdeno
1571 3666 1578 3681 ·

455 3851 608 3923 Decima
633 3846 876 3919 eschaetarum
898 3849 1076 3917 curiarum
1095 3850 1412 3919 vicecomitatuum
1431 3849 1476 3920 de
1497 3847 1696 3923 Aberdene

456 3974 493 4035 et
514 3961 626 4034 Banii'
637 3969 676 4031 vt
694 3961 872 4052 contingit
890 3997 897 4012 ·

458 4190 609 4260 Decima
626 4186 823 4256 wardarum
847 4196 884 4255 61
902 4183 1113 4253 reliuiorum
1131 4183 1292 4253 omnium
1311 4195 1486 4255 terrarum
1504 4185 1601 4254 inter
1614 4181 1696 4257 Dee

457 4317 495 4372 et
509 4300 606 4393 Spey
623 4322 693 4392 que
718 4308 881 4391 tempore
899 4291 1099 4387 sanctiffimj
1114 4295 1207 4389 regis
1224 4294 1346 4365 Dauid
1364 4298 1456 4390 regia
1474 4294 1600 4366 Scocie
1615 4297 1697 4368 fun·

457 4414 589 4484 datoris
603 4407 750 4482 ecclefie
763 4408 998 4482 cathederalis
1012 4401 1282 4478 Aberdonenfis
1296 4408 1515 4479 tenebantur
1528 4409 1565 4477 in
1577 4410 1698 4481 warda

460 4535 497 4596 et
510 4523 654 4594 reliuio·
