4088 5430
216 597 261 663 14
732 593 1036 669 REGISTRUM
1399 595 1553 691 [secum

212 808 270 857 me
287 783 488 859 concessisse
506 803 544 861 et
561 791 628 862 hac
653 789 806 883 presenti
833 803 932 864 carte
950 816 1032 865 mea
1053 790 1274 865 confirmasse
1291 792 1482 865 Wilielmo
1508 796 1554 866 de

211 894 393 968 Tattenell
412 899 643 973 donationem
660 902 759 974 iilam
777 925 883 995 quam
903 905 1072 976 diatheus
1090 902 1274 998 episcopus
1288 903 1555 977 Aberdonensrs

212 1008 299 1077 seoit
325 1010 370 1080 dc
396 1009 534 1083 duabus
565 1016 757 1086 carrucatis
783 1026 877 1086 terre
903 1038 992 1108 quas
1020 1039 1140 1088 comes
1166 1015 1286 1087 Dauid
1314 1018 1426 1088 frater
1452 1040 1555 1089 meus

212 1114 360 1189 ecclesie
374 1119 623 1196 Aberdonensr
638 1136 675 1197 et
691 1125 843 1198 Matheo
861 1126 1017 1199 eiusdem
1036 1128 1104 1198 loci
1119 1125 1282 1221 episcopo
1300 1137 1339 1198 et
1356 1125 1555 1200 successori-

212 1227 278 1299 hus
295 1227 367 1301 suis
384 1233 510 1305 dedit·
528 1239 701 1311 tenendas
719 1234 782 1309 fibi
800 1248 839 1310 et
860 1239 1050 1310 heredibus
1067 1237 1136 1309 suis
1153 1240 1198 1309 de
1215 1240 1374 1332 predidso
1392 1237 1556 1335 episcopo

212 1348 251 1409 et
276 1336 528 1419 successoribus
552 1346 623 1420 suis
650 1352 688 1421 in
715 1351 819 1420 feodo
847 1363 885 1421 et
915 1351 1116 1422 hereditate
1142 1353 1193 1422 ita
1221 1350 1333 1423 libere
1364 1363 1403 1423 et
1432 1356 1556 1444 quiete

213 1448 372 1541 plenarie
403 1469 441 1527 et
470 1459 664 1532 honorifice
692 1458 783 1534 ficut
812 1471 912 1532 carta
935 1462 1064 1555 prefati
1093 1460 1245 1555 episcopi
1275 1461 1430 1534 testatur
1457 1461 1554 1535 saluo

213 1557 359 1636 seruitio
386 1591 466 1640 meo
489 1610 498 1628 ·
520 1570 684 1644 Testibus
708 1573 791 1666 Hijs
819 1571 1039 1668 [Hugones]
1067 1573 1279 1645 cancellario
1305 1571 1425 1645 nostro
1443 1616 1451 1631 ·
1471 1576 1554 1646 Ade

215 1672 345 1747 abbate
362 1679 408 1750 de
424 1681 707 1778 Dunsermelyne
723 1727 730 1741 ·
746 1687 878 1756 comite
893 1685 1069 1756 Dunoano
1080 1680 1276 1777 justiciario
1289 1723 1297 1740 ·
1312 1685 1463 1758 Malieio
1480 1687 1555 1758 filio

215 1787 357 1859 comitis
372 1789 522 1865 Ferteth
541 1836 549 1851 ·
566 1795 754 1868 Willelmo
772 1797 910 1890 Comyn
926 1837 933 1853 ·
949 1796 1138 1867 Willelmo
1156 1796 1201 1867 de
1219 1795 1325 1889 Haya
1342 1838 1349 1854 ·
1364 1796 1554 1868 Willelmo

216 1896 261 1967 de
279 1896 459 1976 Mossorde
478 1947 485 1962 ·
506 1906 672 1979 Waltero
690 1910 734 1979 de
752 1908 902 2001 Berosay
920 1909 1137 1979 camerario·

12 2030 32 2063 r·
73 2004 165 2116 ᾸἼ
202 2021 269 2075 ‘0⁶1‘
298 2037 489 2094 hves-(91.
524 2018 810 2130 (ἤια-κηφήν
834 2000 1234 2128 Λώὼῶῖώ.
1279 1972 1617 2078 Ιζηζώββρᾅ

1 2180 38 2223 ,2
96 2112 265 2219 '⁵⁵27'
330 2111 388 2177 m
415 2101 741 2168 iualslawaqlh
782 2105 952 2164 ,Assum
978 2152 997 2168 ρ
1032 2120 1035 2125 ,

217 2236 326 2310 Carta
343 2245 484 2315 comitis
503 2246 547 2316 de
565 2244 713 2316 Buchan
732 2241 835 2338 super
853 2243 1049 2336 Strntheyn
1067 2253 1106 2314 et
1123 2242 1360 2334 Kyndrochct
1378 2287 1386 2302 ·

19 2506 95 2573 ηΙι...
130 2492 294 2583 '¹‘517ff
367 2472 644 2545 Memorandum
674 2476 768 2567 quod
795 2471 944 2565 sequens
975 2482 1074 2544 carta
1100 2473 1158 2543 hio
1184 2469 1350 2543 scribitur
1374 2476 1419 2545 ad
1444 2477 1553 2548 finem

1 2597 35 2679 ‘j'
53 2578 243 2699 s‘j‘sjs‘ssfi
259 2586 320 2623 '¹¹‘
365 2595 403 2656 et
429 2586 594 2657 essedum
623 2595 664 2656 ut
691 2585 821 2657 sciatur
842 2585 936 2676 quod
963 2579 1028 2653 iste
1053 2605 1192 2655 annuus
1217 2584 1379 2656 redditus
1403 2588 1554 2659 duarum

67 2692 77 2719 ”
111 2768 161 2783 ..
365 2708 547 2790 petrarum
573 2722 654 2769 cere
680 2697 822 2768 debitus
843 2718 907 2788 per
927 2692 1030 2765 istam
1056 2704 1192 2766 cartam
1217 2696 1340 2766 comiti
1368 2695 1554 2771 Buchanie

106 2848 111 2863 ·
366 2809 470 2880 (lutus
494 2807 546 2881 est
571 2811 616 2883 ab
642 2811 790 2900 antiquo
815 2831 879 2900 per
903 2807 1071 2878 comitem
1090 2805 1275 2877 Buchenie
1301 2809 1339 2878 in
1364 2832 1489 2903 puram
1517 2822 1555 2882 et

366 2931 576 3015 perpetuum
596 2915 816 2993 elimosinam
837 2919 974 3012 capelle
998 2917 1106 2989 beate
1124 2916 1242 2989 Marie
1259 2919 1407 3014 virginis
1424 2917 1554 2995 fituate

368 3033 458 3105 infra
486 3033 608 3105 villum
639 3034 683 3103 dc
711 3031 840 3104 Rettre
869 3033 906 3101 in
934 3029 1121 3101 Buohania
1149 3032 1187 3100 in
1217 3032 1318 3101 cuius
1349 3029 1554 3126 possessione

367 3145 461 3217 <licta
478 3146 615 3239 capelle
632 3142 685 3217 est
702 3144 747 3214 de
764 3141 918 3238 presenti
935 3137 1026 3213 ficut
1043 3142 1113 3212 fuit
1131 3142 1340 3234 abantiquo
1357 3182 1364 3199 ·

223 3346 442 3445 Wiltolmus
460 3370 624 3464 Oumyne
642 3394 760 3443 comes
773 3370 959 3443 Buohanic
977 3370 1142 3441 omnibus
1159 3371 1283 3441 amieis
1300 3367 1370 3439 suis
1388 3380 1426 3440 et
1442 3371 1556 3441 homi-

220 3486 324 3557 nihus
342 3481 491 3555 salutum
510 3522 517 3539 ·
535 3483 661 3556 Sciant
687 3481 867 3576 presentes
885 3497 923 3554 ct
939 3482 1051 3552 futuri
1074 3505 1134 3554 me
1151 3477 1282 3552 dedisse
1299 3491 1338 3551 et
1355 3477 1556 3552 concessisse

27 3576 117 3707 ,Ζῇ
133 3568 206 3711 ‘1⁴34
221 3612 258 3667 ot
277 3594 430 3689 pruteni
457 3606 555 3667 cartu
580 3617 661 3666 rnoa
685 3590 903 3666 confirmasse
920 3591 1139 3685 Cospotricio
1157 3592 1439 3692 Macrnpdethpn
1458 3592 1558 3664 Stra-

10 3732 19 3765 ·
42 3750 53 3759 ·¹
83 3674 157 3809 ἵ
221 3710 331 3801 thoyu
351 3730 413 3801 por
432 3706 544 3781 rectas
562 3706 688 3779 divissa
705 3704 783 3777 s'uns
797 3716 834 3775 ct
849 3704 1085 3797 Kyndrochet
1102 3728 1167 3797 per
1182 3704 1295 3775 redies
1309 3701 1437 3774 divisas
1454 3698 1552 3775 suas·

1 3814 49 3899 ''„
82 3810 99 3835 ⁶
111 3814 165 3913 ’ζ’
218 3818 406 3891 'seniculus
421 3814 483 3889 sibi
498 3830 535 3890 ot
553 3819 742 3890 herodibus
756 3814 825 3887 suis
843 3818 888 3888 de
904 3825 1015 3887 meet
1031 3816 1221 3888 heredibus
1239 3817 1328 3887 meis
1345 3816 1383 3885 in
1396 3816 1501 3886 feodo
1518 3829 1556 3885 et

19 3958 169 4035 ·····5··¹·
221 3930 421 4005 horosiituto
447 3954 527 4001 otuu
557 3930 761 4001 molendino
785 3939 823 4000 ct
847 3928 1011 4000 omuibus
1036 3928 1116 4001 aliis
1141 3939 1180 4000 et
1205 3924 1304 3998 iustis
1328 3928 1557 4020 pertinentiis

1 4051 3 4067 '
41 4082 45 4087 ·
72 4046 95 4071 '⁴
122 4046 149 4069 '¹
169 4044 183 4055 ''
222 4043 290 4115 siris
306 4080 313 4099 ·
332 4040 525 4111 simidcudo
545 4043 627 4113 indo
640 4041 825 4113 minuatim
844 4041 951 4112 michi
965 4049 1003 4111 et
1020 4041 1212 4111 heredibus
1228 4040 1318 4110 meis
1332 4039 1420 4110 duas
1436 4049 1556 4132 petras

2 4180 14 4215 ,·
39 4188 56 4225 ‚a
87 4178 125 4235 ’γ’
220 4178 301 4225 com
327 4152 369 4223 ud
402 4150 648 4226 i'uutocoshuu
671 4161 710 4225 ct
727 4152 890 4224 scoiondo
915 4147 1125 4222 forinsecum
1153 4145 1338 4220 seruitium
1364 4150 1557 4221 comitatus

220 4268 265 4341 dc
288 4264 432 4335 ihwhou
460 4277 632 4355 «pruritum
660 4265 817 4359 pertinet
843 4262 887 4334 ud
913 4262 1087 4355 predidhes
1111 4270 1225 4332 terras
1242 4261 1287 4331 de
1305 4259 1500 4354 Stratheyn
1519 4272 1557 4331 et

224 4376 455 4475 hymomus
475 4416 482 4433 ·
502 4375 568 4447 hiis
588 4374 738 4450 tussibus
756 4376 901 4447 domina
914 4374 1122 4468 Mergureta
1138 4369 1311 4444 comitissa
1327 4372 1555 4444 deBuohen·

225 4487 410 4567 Willultoo
428 4490 591 4585 (iurttyuo
610 4490 654 4563 dc
672 4487 888 4563 Surdcusold
907 4527 915 4544 ·
935 4484 1095 4557 lieberto
1117 4485 1163 4555 de
1181 4481 1322 4555 Ponsun
1339 4521 1348 4539 ·
1368 4482 1556 4555 Willelmo
