4088 5430
415 615 484 685 106
926 601 1229 677 REGISTRUM
1596 599 1747 695 [secum

416 807 536 905 Bysset
552 817 641 880 tuno
658 807 809 877 duorum
827 805 872 876 de
888 802 1032 875 balliuis
1048 801 1152 896 burgi
1169 801 1215 873 de
1232 800 1404 872 Aberden
1422 800 1538 894 gratia
1553 794 1747 890 testimonij

413 920 569 1017 presenti
585 928 683 992 oarte
700 919 827 1012 apponi
852 914 1038 1010 procuraui
1055 950 1064 968 ·
1081 912 1193 1006 Apud
1210 912 1382 984 Aberden
1400 913 1527 1004 quinto
1544 911 1603 982 die
1619 905 1748 982 mensas

415 1034 541 1126 Martij
568 1054 663 1104 anno
690 1029 837 1100 Domini
864 1022 1052 1097 millesimo
1080 1020 1322 1097 tricentesrmo
1349 1019 1566 1119 sexagesimo
1595 1021 1748 1095 seeundo

415 1147 483 1217 hiis
500 1141 652 1216 testibus
665 1140 839 1214 Villelmo
856 1140 901 1211 (16
915 1138 1014 1210 Lech
1028 1175 1036 1191 ·
1051 1136 1248 1208 Maloolmo
1262 1135 1405 1230 Vryoht
1421 1175 1430 1192 ·
1447 1135 1472 1206 J
1473 1136 1613 1207 ohanne
1631 1135 1746 1207 Crab-

417 1256 569 1330 Valtero
586 1257 632 1328 de
649 1254 754 1327 Etule
770 1247 1003 1348 burgensibus
1020 1250 1105 1321 diui
1123 1250 1228 1345 burgi
1245 1260 1285 1321 et
1302 1248 1427 1320 multis
1445 1248 1524 1320 aliis
1541 1290 1549 1307 ·

418 1589 629 1688 Resrgnaeio
646 1591 691 1664 da
709 1588 939 1662 Folethroule
956 1624 964 1640 ·

419 1794 574 1891 Notum
591 1812 636 1887 srt
652 1814 817 1886 omnibus
842 1809 1065 1906 presentibus
1082 1817 1120 1881 et
1137 1809 1268 1883 suturis
1284 1812 1379 1903 quod
1400 1833 1467 1906 ego
1485 1810 1687 1884 Barnardus
1705 1813 1751 1883 de

419 1930 544 2002 Rowle
568 1929 734 2000 dominus
757 1926 802 1997 de
823 1921 1013 1995 Foleroule
1038 1923 1075 1991 in
1102 1923 1252 1994 ciuitate
1279 1923 1325 1995 de
1346 1922 1520 1996 Kirkvaw
1544 1920 1752 2018 fimplioiter

418 2038 593 2137 rafignaui
606 2048 646 2111 et
656 2062 721 2132 per
731 2033 852 2108 fustim
866 2045 905 2106 et
916 2033 1085 2106 baculum
1097 2031 1233 2105 1011001
1246 2036 1384 2107 reddidi
1397 2037 1595 2108 reuerendo
1605 2037 1751 2108 domino

417 2177 499 2226 meo
517 2152 666 2248 Hugoni
683 2151 729 2222 de
745 2145 835 2219 Ross
852 2147 997 2218 domino
1015 2146 1060 2217 de
1078 2144 1249 2240 Fylorthe
1272 2157 1388 2220 totam
1414 2158 1546 2221 terram
1571 2172 1689 2222 meam
1706 2150 1752 2220 de

419 2264 608 2337 Foleroule
637 2286 720 2336 eum
744 2260 972 2355 pertinentiis
997 2255 1129 2350 absque
1154 2262 1384 2332 reuocatione
1400 2263 1472 2332 mei
1494 2261 1551 2334 vel
1578 2262 1750 2334 heredum

417 2400 580 2450 meorum
605 2379 869 2470 imperpetuum
893 2373 932 2441 in
956 2366 1136 2463 presentia
1160 2368 1391 2444 discretorum
1408 2375 1564 2444 virorum
1588 2383 1626 2445 61
1651 2375 1752 2445 nobi-

418 2490 508 2561 lium
525 2489 749 2560 dominorum
762 2485 786 2557 J
788 2485 939 2557 ohannis
955 2483 1000 2553 de
1013 2481 1166 2577 Camory
1180 2481 1347 2578 Symonis
1364 2485 1409 2556 de
1423 2483 1599 2580 Othyries
1608 2488 1753 2559 canoni-

420 2624 542 2673 oorum
554 2594 852 2672 cathanensium·
864 2595 1039 2667 Eufamee
1053 2594 1098 2665 de
1112 2593 1373 2689 Stratherynne
1386 2599 1490 2670 vnius
1504 2599 1548 2670 de
1561 2599 1753 2671 heredibus

420 2709 599 2806 duondam
627 2712 762 2782 domini
793 2707 944 2781 Malesei
974 2708 1116 2779 comitis
1140 2705 1317 2780 Cathanie
1342 2749 1351 2766 ·
1379 2707 1516 2781 Thome
1544 2710 1590 2781 de
1619 2709 1753 2782 Saudo

420 2825 526 2898 Claro
551 2823 676 2896 balliui
700 2825 794 2919 regis
820 2821 1003 2915 Norvegie
1020 2860 1029 2878 ·
1047 2819 1248 2892 Alexandri
1265 2822 1311 2892 de
1328 2819 1461 2893 800110
1478 2821 1584 2894 Claro
1601 2847 1752 2916 quorum

421 2934 535 3034 sigilla
558 2934 713 3031 presenti
735 2932 818 3006 sunt
839 2931 1015 3028 appensa·
1033 2931 1144 3025 Apud
1161 2931 1346 3026 Kyrkvaw
1363 2930 1531 3029 rigesrmo
1549 2935 1607 3007 die
1623 2932 1754 3008 mensis

420 3049 444 3121 J
446 3049 580 3140 anuarij
599 3071 693 3121 anno
711 3044 857 3118 Domini
874 3040 1063 3118 millesrmo
1079 3040 1331 3117 1160601611010
1348 3043 1564 3142 sexagesimo
1582 3058 1709 3140 quarto
1726 3091 1734 3106 ·

422 3380 606 3458 Conoeffio
624 3386 669 3457 de
687 3380 926 3454 Folethrowle
942 3380 1025 3452 Α(16
1043 3380 1197 3476 Pingle·

424 3586 614 3684 Omnibus
630 3612 723 3682 hano
738 3616 874 3680 cartam
891 3602 1014 3676 visuris
1030 3603 1088 3676 vel
1106 3605 1280 3677 audituris
1295 3605 1405 3702 Hugo
1422 3608 1467 3679 de
1480 3606 1570 3680 Ross
1587 3609 1753 3684 dominus

423 3725 468 3796 de
486 3723 634 3816 Fylorth
658 3721 811 3794 salutem
827 3721 865 3789 in
883 3716 1041 3789 Domino
1066 3713 1317 3810 sempiternam
1338 3759 1346 3776 ·
1366 3718 1522 3792 Nouerit
1544 3719 1754 3797 vniuersrtas

422 3834 538 3909 vestra
554 3857 618 3906 nos
636 3857 683 3906 ex
699 3827 870 3905 consensu
887 3841 925 3901 61
941 3824 1076 3902 assensu
1099 3831 1259 3922 potentis
1276 3831 1340 3901 viri
1359 3830 1523 3904 Villelmi
1549 3836 1690 3907 comitis
1707 3836 1753 3907 de

423 3945 512 4019 Rosa
530 3949 664 4018 domini
681 3947 727 4018 de
743 3944 821 4038 sky
834 3943 951 4015 fratris
968 3937 1077 4012 nostri
1094 3936 1226 4013 (1611116
1243 3937 1442 4015 oonoeffiffe
1459 3954 1497 4016 61
1514 3945 1581 4017 hau
1597 3943 1752 4039 presenti

422 4069 520 4132 01110
548 4055 666 4129 nostra
694 4051 912 4128 confirmasse
941 4053 1073 4125 (1116110
1099 4049 1218 4124 nostro
1244 4053 1328 4127 Α(16
1354 4054 1482 4151 Pingle
1511 4054 1676 4151 burgensr
1706 4060 1752 4132 de

420 4171 592 4244 Aberden
617 4191 742 4240 omnes
771 4178 883 4239 terras
911 4162 1048 4238 nostras
1073 4165 1118 4237 de
1146 4164 1385 4237 Folethrowle
1414 4190 1498 4239 oum
1524 4171 1753 4262 pertinentiis

421 4285 514 4356 infra
529 4283 819 4354 vicecomitatum
837 4280 882 4351 de
898 4278 1069 4350 Aberden
1094 4274 1326 4370 quasquidem
1350 4287 1464 4351 terras
1481 4279 1685 4353 Barnardus
1705 4283 1751 4355 de

422 4395 548 4468 Rowle
573 4394 674 4464 nobis
691 4415 755 4485 per
771 4387 891 4462 fustim
909 4401 948 4462 et
964 4389 1133 4463 baculum
1158 4386 1292 4461 sursum
1317 4390 1473 4463 reddidit
1489 4402 1527 4464 et
1545 4388 1752 4487 simpliciter

420 4505 614 4610 resignauit
630 4501 760 4597 absque
777 4504 983 4576 conditione
999 4502 1094 4595 apud
1112 4500 1279 4574 Kirorrar
1291 4502 1330 4573 in
1343 4499 1679 4577 Orkadiarioesrmo
1692 4507 1750 4578 die
