4088 5430
351 628 421 698 aas
868 618 1170 692 nnorsraum
1535 623 1690 718 [sucum

352 824 538 896 canoniam
564 817 860 891 Aberdonensem
888 819 1027 889 decimo
1053 821 1180 912 quinto
1211 819 1269 890 die
1299 819 1391 913 Maij
1418 844 1513 891 anno
1539 820 1689 893 Domini

353 930 540 1005 millefimo
558 928 908 1039 quadnngentesrmo
926 927 1105 1001 tricesimo
1122 933 1247 1003 octauo
1266 972 1275 989 ·
1441 936 1442 939 ’

355 1270 571 1363 Preceptum
588 1268 735 1339 Andree
753 1267 797 1338 de
814 1262 957 1338 Glaster
974 1264 1079 1359 super
1095 1266 1238 1337 redditu
1253 1268 1300 1338 de
1321 1269 1425 1339 terris
1443 1269 1488 1339 de
1505 1268 1627 1341 Glak·

359 1468 536 1568 Andreas
554 1492 600 1563 de
612 1486 753 1563 Glastre
766 1491 932 1561 dominus
951 1491 1194 1561 dimedietatis
1210 1489 1357 1562 baronio
1374 1491 1419 1563 de
1433 1491 1634 1564 Dunnottir
1649 1503 1689 1565 et

355 1620 529 1680 terrarum
547 1605 592 1675 de
610 1603 706 1676 Glak
724 1602 836 1673 nobili
854 1605 930 1673 viro
944 1602 1110 1674 Gilberto
1128 1603 1173 1673 de
1186 1601 1211 1674 J
1212 1600 1386 1675 ohustonc
1403 1606 1449 1675 de
1462 1602 1689 1698 Calkybaren

355 1719 489 1792 balliuo
505 1714 567 1787 suo
585 1755 593 1772 ·
612 1752 620 1770 ·
638 1753 646 1770 ·
665 1714 769 1798 Quia·
783 1710 935 1785 conccffi
959 1752 968 1769 ·
991 1751 1000 1769 ·
1024 1752 1032 1771 ·
1057 1712 1225 1810 magistro
1243 1713 1363 1786 Alano
1381 1717 1426 1788 de
1444 1716 1581 1787 Futhas
1607 1756 1615 1774 ·
1642 1758 1650 1773 ·
1680 1759 1690 1774 ·

356 1851 514 1902 annuum
544 1827 724 1897 redditum
757 1827 994 1919 quadraginta
1022 1824 1213 1897 solidomm
1240 1865 1249 1884 ·
1277 1865 1285 1883 ·
1310 1864 1319 1883 ο
1344 1829 1612 1921 percipiendum
1643 1829 1689 1900 de

356 1944 458 2014 distis
481 1943 585 2012 terris
610 1940 700 2009 meis
724 1939 769 2009 de
787 1936 885 2009 Glak
903 1978 911 1993 ·
931 1978 939 1994 ·
958 1975 967 1993 ·
985 1938 1085 2009 vobis
1110 1939 1294 2032 precipio·
1313 1977 1322 1995 ·
1341 1979 1349 1996 ·
1368 1949 1545 2031 quatenus
1571 1941 1689 2011 eidem

354 2051 520 2149 magistro
534 2051 655 2122 Alano
669 2051 725 2121 vel
740 2050 802 2121 suo
816 2062 915 2120 certo
934 2058 1116 2120 attornato
1133 2085 1142 2104 ·
1159 2086 1168 2104 ·
1186 2087 1194 2107 ·
1212 2044 1373 2120 saismam
1391 2059 1429 2121 et
1446 2047 1690 2143 possessionem

354 2165 584 2239 hereditarias
596 2164 681 2233 diui
695 2164 805 2234 annui
818 2162 981 2232 redditus
992 2161 1228 2255 quadraginta
1237 2156 1426 2232 solidorum
1442 2159 1534 2233 iuste
1546 2162 1691 2235 liberari

354 2280 492 2351 faciatis
511 2317 519 2334 ·
538 2274 674 2347 Datum
693 2272 757 2344 sub
774 2269 890 2367 sigillo
914 2296 995 2343 meo
1018 2273 1112 2365 apud
1131 2272 1302 2343 Aberden
1327 2274 1466 2345 decimo
1485 2276 1542 2346 die
1559 2272 1692 2346 menfis

355 2389 490 2483 Aprilis
507 2410 601 2460 anno
619 2385 766 2455 Domini
784 2381 973 2455 millesimo
991 2381 1339 2479 quadringentesimo
1357 2383 1534 2456 tricesimo
1552 2409 1648 2458 nono
1666 2427 1675 2442 ·

354 2726 464 2796 Carta
480 2723 591 2793 Alani
609 2722 654 2792 de
672 2721 809 2792 Futhas
827 2721 932 2815 super
949 2720 1075 2792 eodem
1092 2721 1237 2792 redditu
1255 2717 1403 2793 ecclefie
1420 2717 1580 2794 concello
1597 2761 1606 2779 ·

353 2928 507 3023 Alanus
525 2948 570 3018 de
589 2946 725 3016 Futhas
744 2985 752 3001 ·
771 2983 779 2998 ·
797 2984 805 3001 ·
824 2942 955 3014 Sciatis
981 2966 1040 3015 me
1058 2983 1066 3000 ·
1085 2986 1093 3001 ·
1113 2986 1121 3001 ·
1141 2968 1204 3037 pro
1222 2941 1335 3016 salute
1361 2946 1480 3016 anime
1504 2970 1585 3018 meo
1610 2971 1694 3041 par-

354 3073 551 3152 entumque
577 3079 738 3129 meorum
765 3080 805 3127 ac
832 3054 980 3127 Andree
1007 3057 1051 3127 de
1070 3056 1207 3127 Futhes
1234 3057 1413 3149 quondam
1439 3058 1573 3128 domini
1599 3062 1692 3131 eius-

353 3176 434 3246 dem
453 3166 584 3242 dedisse
603 3209 611 3226 ·
629 3206 638 3226 ·
655 3206 663 3223 ·
682 3166 762 3238 Deo
789 3169 1029 3260 omnipotenti
1055 3167 1162 3238 beate
1186 3167 1305 3239 Maria
1322 3169 1449 3262 virgini
1468 3179 1506 3239 et
1523 3172 1690 3243 omnibus

352 3283 479 3358 faustis
505 3306 546 3354 ac
572 3282 706 3352 decano
725 3289 763 3350 et
780 3278 938 3371 capitulo
965 3275 1112 3350 ecclesie
1130 3276 1396 3350 Aberdonensrs
1422 3320 1431 3335 ·
1459 3321 1466 3335 ·
1494 3319 1502 3336 ·
1527 3305 1691 3355 annuum

352 3398 532 3469 redditum
559 3415 680 3463 meum
698 3392 935 3485 quadraginta
952 3390 1143 3460 solidorum
1162 3430 1170 3447 ·
1190 3431 1197 3447 ·
1218 3431 1226 3448 ·
1245 3400 1440 3462 exeuntem
1459 3393 1504 3462 da
1520 3395 1624 3464 terris
1643 3395 1690 3464 de

352 3510 448 3582 Glak
474 3545 483 3563 ·
509 3545 517 3562 ·
544 3545 552 3562 ·
575 3504 786 3575 Tenendum
814 3543 822 3559 ·
851 3542 858 3557 ·
887 3543 894 3559 ·
922 3525 1004 3573 cum
1024 3502 1230 3573 omnimoda
1246 3498 1424 3595 potestate
1442 3504 1553 3575 dictas
1576 3515 1689 3576 terras

352 3623 398 3693 de
423 3619 519 3693 Glak
550 3626 588 3688 et
618 3637 678 3686 eas
708 3613 954 3685 inhabitantes
983 3615 1150 3705 quotiens
1180 3635 1269 3707 opus
1297 3614 1407 3684 fuerit
1435 3652 1444 3670 ·
1472 3655 1481 3671 ·
1510 3655 1518 3672 ·
1547 3613 1693 3686 distrin-

351 3733 458 3829 gendi
477 3770 485 3787 ·
511 3770 519 3786 ·
543 3727 744 3799 -ffaciendo
762 3726 846 3795 inde
870 3765 878 3781 ·
904 3766 912 3781 ·
939 3748 1073 3797 ·vnam
1091 3720 1225 3796 millam
1244 3726 1289 3797 de
1303 3724 1436 3799 sancta
1448 3726 1626 3798 Trinitato
1643 3731 1687 3799 ad

352 3845 465 3916 altare
490 3843 595 3912 beate
620 3834 771 3934 gloriose
798 3836 1007 3929 semperque
1033 3838 1178 3931 virginis
1205 3836 1323 3908 Mane
1349 3840 1385 3907 in
1412 3837 1518 3908 choro
1543 3835 1687 3910 australi

352 3951 499 4027 ecclesie
516 3951 731 4024 cathedralis
750 3945 1018 4020 Aberdonensrs
1041 3949 1198 4041 prediste
1216 3944 1385 4021 fituatum
1414 3989 1422 4005 ·
1450 3990 1457 4006 ·
1485 3990 1493 4005 ·
1521 3962 1559 4020 et
1576 3973 1688 4021 vnum

352 4063 628 4140 anniuersarium
647 4062 829 4155 solempne
846 4063 1032 4132 annuatim
1051 4055 1217 4131 vicesimo
1242 4062 1356 4153 primo
1375 4061 1433 4130 die
1451 4057 1580 4132 mensis
1599 4062 1688 4156 Sep-

351 4179 499 4252 tembris
525 4216 533 4233 ·
560 4213 568 4230 ·
595 4213 602 4229 ·
628 4185 667 4245 et
692 4173 845 4266 quilibet
871 4171 1077 4266 capellanus
1095 4183 1200 4242 extra
1216 4171 1374 4242 officium
1392 4171 1597 4247 celebrandi
1622 4197 1687 4266 pro

350 4302 438 4363 tunc
464 4285 619 4360 existens
645 4285 830 4357 tenebitur
856 4286 893 4354 in
912 4285 970 4354 die
989 4283 1074 4354 diui
1101 4282 1329 4375 anniuersarij
1357 4293 1394 4354 et
1421 4285 1457 4352 in
1484 4283 1599 4353 officio
1624 4309 1687 4356 ex·

350 4401 459 4476 istens
475 4399 638 4494 proxima
655 4398 712 4467 die
726 4405 877 4467 vacante
895 4393 1030 4466 millam
1049 4418 1113 4488 pro
1130 4395 1317 4465 animabus
1334 4391 1462 4465 nostris
1480 4393 1687 4488 supradictis

349 4515 563 4587 celebrare·
592 4548 600 4565 ·
628 4507 736 4576 ·volo
758 4505 903 4600 insuper
926 4517 964 4578 et
991 4507 1149 4580 concedo
1176 4507 1271 4599 quod
1298 4506 1504 4600 capellanus
1521 4509 1580 4601 qui
1607 4530 1688 4601 pre·
