4088 5430
346 628 418 693 224
863 616 1169 691 REGISTRUM
1535 616 1689 712 [secum

348 818 399 889 Et
417 817 495 911 Ego
514 815 712 888 Duncanus
730 815 841 908 Petyt
858 816 1091 888 cancellarius
1108 812 1286 889 subscribo
1304 854 1312 870 ·

351 930 401 1000 Et
418 928 497 1024 Ego
514 928 669 999 Thomas
686 929 731 999 de
748 928 1009 1022 Tynnyngham
1027 930 1297 1000 archidiaconus
1315 925 1493 1000 subscribo
1512 968 1520 984 ·

350 1041 401 1112 Et
418 1040 497 1136 Ego
515 1040 727 1112 Willelmus
745 1041 789 1111 de
807 1040 960 1112 Camers
976 1042 1171 1112 canonicus
1189 1038 1369 1112 subscribo
1388 1080 1396 1096 ·

350 1152 429 1247 Ego
447 1152 629 1224 Henricus
648 1151 775 1246 Heruy
792 1154 985 1225 canonicus
1004 1149 1183 1224 subscribo
1201 1193 1209 1208 ·

351 1263 429 1358 Ego
445 1264 469 1334 J
472 1266 631 1335 ohannes
651 1262 793 1335 Frostar
810 1261 995 1336 consentio
1013 1274 1051 1335 et
1069 1262 1249 1335 subscribo
1267 1273 1326 1334 etc
1344 1302 1352 1318 ·

352 1599 535 1672 Assedatio
552 1601 700 1673 baronie
719 1602 764 1672 de
783 1601 954 1672 Murthill
973 1600 1111 1673 Thome
1129 1601 1174 1672 de
1192 1600 1371 1672 Camera-

352 1802 552 1899 Henricus
579 1866 587 1882 ·
615 1867 622 1882 ·
648 1866 656 1882 ·
681 1822 866 1919 episcopus
893 1821 1164 1897 Aberdonensrs
1190 1865 1198 1881 ·
1227 1865 1235 1880 ·
1263 1866 1272 1882 ·
1299 1824 1428 1908 Quia·
1456 1866 1463 1880 ·
1493 1864 1500 1880 ·
1528 1825 1696 1895 dominus

350 1938 561 2010 Alexander
578 1936 772 2010 Senescalli
799 1961 919 2008 comes
946 1938 991 2007 de
1016 1937 1123 2007 Mare
1149 1948 1188 2008 et
1212 1938 1257 2008 de
1275 1935 1465 2009 Gawriach
1492 1962 1534 2009 ac
1560 1938 1697 2010 locum-

314 2046 318 2051 ’
348 2060 478 2122 tenens
496 2051 633 2120 domini
651 2046 762 2119 nostri
781 2047 892 2144 Regis
910 2073 951 2121 ac
969 2051 1080 2120 etiam
1098 2047 1310 2121 Alexander
1328 2050 1373 2120 de
1392 2050 1563 2122 Setowne
1582 2051 1695 2121 domi·

349 2186 418 2233 nus
435 2163 480 2232 de
498 2161 647 2234 Gordon
674 2184 770 2231 nos·
798 2202 806 2217 ·
833 2199 841 2215 ·
865 2157 1105 2253 requisierunt
1130 2162 1175 2232 ad
1201 2162 1408 2232 addendum
1426 2171 1465 2233 et
1481 2161 1696 2256 prolongan-

349 2276 437 2345 dum
461 2273 600 2344 duobus
624 2273 816 2344 heredibus
839 2268 1031 2344 succeffiue
1048 2272 1186 2344 Thorne
1204 2274 1249 2344 de
1267 2273 1420 2345 Camera
1443 2270 1626 2369 burgensis
1649 2275 1695 2346 de

351 2386 522 2458 Aberden
550 2381 804 2456 assedationem
830 2384 961 2457 faciam
992 2385 1086 2454 dido
1110 2384 1247 2455 Thome
1273 2386 1320 2455 de
1345 2385 1500 2457 Camera
1525 2409 1588 2479 pro
1615 2395 1695 2456 toto

350 2509 513 2591 tempore
540 2499 615 2567 vite
640 2496 702 2567 sue
729 2538 737 2554 ·
765 2537 774 2553 ·
804 2538 812 2553 ·
840 2498 885 2568 de
910 2498 1059 2568 baronia
1083 2498 1129 2566 de
1157 2496 1330 2567 Murthill
1357 2538 1365 2554 ·
1392 2537 1400 2551 ·
1427 2539 1435 2553 ·
1464 2495 1695 2570 consideratis

349 2610 515 2703 precibus
533 2619 571 2680 et
589 2606 760 2680 instantia
777 2610 953 2680 discornm
972 2610 1198 2707 dominorum
1216 2610 1261 2680 ad
1280 2633 1368 2701 quas
1385 2610 1511 2681 multis
1524 2611 1569 2682 de
1582 2608 1697 2682 causis

350 2721 523 2793 inclinare
551 2730 721 2791 tenemur
737 2744 779 2791 ac
796 2723 908 2793 etiam
934 2745 998 2814 pro
1022 2731 1122 2792 certa
1139 2717 1278 2792 summa
1304 2723 1457 2815 pecunie
1483 2745 1590 2814 quam
1616 2745 1697 2815 pre-

351 2834 466 2904 didus
483 2832 638 2903 Thomas
655 2833 700 2904 ad
718 2833 889 2905 fabricam
907 2830 1056 2904 ecclesie
1078 2830 1196 2904 nostre
1219 2834 1312 2905 bene
1330 2843 1369 2905 et
1385 2833 1543 2904 fideliter
1564 2832 1698 2927 persol-

351 2948 407 3015 uit
433 2985 441 3000 ·
469 2983 478 2999 ·
503 2982 511 2999 ·
534 2945 723 3015 Noueritis
749 2969 814 3016 nos
840 2984 847 3000 ·
873 2984 881 3000 ·
907 2983 915 3000 ·
941 2947 986 3016 ad
1012 2946 1152 3017 firmam
1178 2942 1352 3017 demisisse
1377 2947 1474 3017 diuo
1491 2946 1628 3017 Thome
1650 2948 1696 3018 de

351 3056 503 3128 Camers
519 3065 557 3127 et
576 3057 716 3127 duobus
737 3057 928 3128 heredibus
946 3053 1138 3129 succeffiue
1156 3066 1269 3129 totam
1297 3059 1493 3151 predidam
1510 3059 1696 3130 baroniam

351 3165 507 3240 nostram
522 3169 567 3239 de
582 3167 752 3239 Murthill
771 3210 779 3226 ·
799 3209 807 3224 ·
827 3209 835 3225 ·
855 3169 1055 3240 Reddendo
1074 3170 1158 3240 inde
1175 3172 1363 3242 annuatim
1381 3208 1416 3226 ··
1437 3210 1445 3226 ·
1460 3171 1586 3241 decem
1602 3193 1698 3242 mar·

352 3303 411 3351 cas
428 3318 436 3336 ·
455 3319 462 3335 ·
482 3321 489 3335 ·
509 3302 573 3372 pro
591 3280 718 3351 firma·
738 3318 746 3334 ·
764 3321 772 3337 ·
790 3281 835 3351 ad
855 3282 943 3350 duos
964 3283 1049 3351 anni
1071 3283 1245 3352 terminos
1263 3322 1271 3340 ·
1291 3323 1298 3338 ·
1318 3319 1325 3335 ·
1344 3293 1381 3351 et
1399 3282 1564 3353 faciendo
1581 3282 1698 3373 quoli-

352 3392 415 3463 bet
432 3416 527 3464 anno
545 3415 652 3463 vnam
678 3390 810 3463 sedam
836 3395 934 3463 curie
961 3388 1079 3463 nostre
1105 3394 1269 3486 capitalis
1295 3394 1452 3464 tenende
1478 3394 1572 3486 apud
1591 3392 1697 3465 Rane

352 3545 361 3561 ·
381 3545 389 3561 ·
409 3546 416 3561 ·
435 3517 474 3576 et
492 3502 679 3576 seruitium
697 3541 705 3558 ·
725 3544 732 3560 ·
751 3542 759 3558 ·
777 3505 823 3575 de
840 3505 1001 3596 predida
1018 3505 1166 3576 baronia
1184 3506 1229 3576 de
1248 3505 1417 3576 Murtbill
1446 3506 1608 3577 debitum
1629 3545 1638 3562 ·
1657 3546 1665 3564 ·
1686 3549 1693 3563 ·

908 3606 1114 3712 Impcrsedsu
1132 3657 1139 3673 ·

354 3952 464 4024 Carta
481 3956 620 4025 vnionis
639 3955 770 4026 vicario
788 3954 833 4024 de
852 3953 984 4045 wae·

354 4157 555 4254 Henricus
583 4218 590 4233 ·
619 4218 625 4233 ·
655 4218 662 4234 ·
689 4176 875 4271 episcopus
901 4173 1170 4250 Aberdonensrs
1197 4215 1204 4232 ·
1232 4217 1240 4233 ·
1266 4215 1275 4231 ·
1301 4187 1429 4248 notum
1454 4178 1606 4249 facimus
1631 4201 1697 4271 per

352 4287 535 4388 presentes
561 4291 656 4381 quod
683 4312 774 4360 nos·
794 4331 802 4346 ·
822 4292 1017 4362 -vicariam
1045 4291 1090 4360 de
1114 4289 1249 4382 wae·
1271 4327 1279 4344 ·
1301 4327 1309 4344 ·
1328 4299 1516 4361 vacantem
1542 4313 1631 4382 per·
1654 4328 1663 4346 ·
1685 4331 1694 4347 ·

352 4401 629 4498 resignationem
648 4442 655 4456 ·
676 4440 683 4456 ·
702 4441 711 4459 ·
729 4403 865 4472 domini
878 4402 902 4473 J
905 4404 1054 4474 ohannis
1072 4403 1116 4472 de
1130 4401 1247 4473 Crabe
1260 4401 1378 4472 vltimi
1397 4403 1516 4494 vicarij
1535 4399 1694 4473 eiusdem

353 4558 362 4579 .
390 4557 399 4573 ·
426 4552 434 4570 ·
460 4513 505 4587 ad
532 4508 742 4584 instanciam
769 4553 778 4571 ·
805 4554 812 4570 ·
840 4553 848 4569 ·
872 4515 1009 4584 domini
1028 4513 1171 4586 Valteri
1194 4513 1333 4588 abbatis
1359 4510 1562 4608 monasterij
1583 4512 1694 4586 sandi
