4088 5430
494 638 567 704 424
1010 628 1318 703 REGISTRUM
1680 629 1846 726 [saeuas

496 831 655 902 muneris
682 831 858 901 bonomm
886 832 961 904 dati
987 827 1048 902 seu
1072 830 1211 925 accepti
1241 841 1305 904 aut
1332 825 1463 926 legalia
1492 827 1750 924 cuiuscumque
1777 830 1844 905 seu

496 944 616 1015 minus
633 940 726 1014 iusto
743 943 852 1014 titulo
877 966 948 1036 que
973 953 1168 1035 utcumque
1185 943 1263 1015 eius
1288 943 1462 1014 memoria
1485 953 1551 1016 aut
1573 965 1638 1038 per
1663 940 1841 1016 desidiam

362 1077 364 1082 ·
498 1064 562 1127 aut
589 1078 654 1149 per
677 1055 936 1150 negligentiam
962 1057 1175 1128 exciderunt
1200 1065 1239 1128 et
1263 1057 1302 1126 in
1327 1053 1695 1149 recompensationem
1716 1054 1843 1129 buius·

498 1166 596 1236 modi
613 1167 789 1238 bonorum
807 1177 844 1240 et
861 1167 1118 1240 beneficiorum
1136 1178 1174 1240 et
1191 1164 1375 1262 signanter
1389 1191 1455 1262 pro
1472 1169 1602 1265 quibus
1620 1170 1659 1239 in
1674 1169 1743 1241 bac
1762 1171 1844 1242 rita

500 1278 643 1349 debitor
659 1281 728 1350 suit
755 1289 793 1351 et
818 1303 882 1373 pro
900 1281 1086 1352 animabus
1099 1281 1261 1351 omnium
1274 1279 1437 1352 fidelium
1450 1278 1701 1354 defunctorum
1716 1322 1725 1339 ·
1741 1281 1845 1354 Red-
1906 1375 1910 1383 ‚

502 1390 621 1462 dendo
639 1392 723 1463 iude
740 1393 927 1464 annuatim
952 1415 1016 1485 pro
1034 1393 1220 1465 animabus
1246 1388 1454 1484 supradictis
1481 1388 1646 1488 suffragia
1663 1415 1733 1466 vna
1755 1417 1843 1466 cum

502 1499 696 1573 elimosinis
712 1504 995 1598 pauperibus·bis
1005 1506 1042 1574 in
1056 1527 1150 1575 auno
1169 1503 1380 1599 erogandis·
1396 1503 1507 1599 Apud
1522 1506 1710 1577 canoniam
1722 1501 1846 1578 Aber-

505 1611 696 1687 donensem
715 1618 754 1688 ix
772 1614 939 1687 Odcobris
956 1637 1030 1689 am.
1048 1636 1241 1689 mmxniii.

504 1923 692 2029 Contra&
723 1956 828 2025 made
861 1955 989 2025 betuix
1019 1978 1088 2026 ane
1117 1955 1314 2028 venerabill
1343 1979 1428 2028 inan
1456 1953 1601 2028 meister
1629 1954 1849 2028 Alexander

504 2067 589 2160 Kyd
616 2062 859 2138 subchautour
883 2067 924 2137 os
945 2066 1139 2139 Aberdene
1157 2091 1225 2139 one
1242 2073 1287 2160 pe
1304 2091 1372 2140 ane
1397 2079 1477 2162 part
1495 2069 1565 2140 and
1583 2065 1710 2162 Agnes
1728 2063 1846 2140 Bilsat

504 2176 648 2269 meister
665 2177 804 2250 Robert
821 2176 937 2250 Roust
959 2181 1030 2251 and
1047 2180 1202 2252 Thomas
1229 2181 1385 2254 Stewart
1403 2180 1586 2275 tweching
1610 2204 1678 2252 ane
1696 2176 1846 2253 scuttall

503 2292 591 2365 boill
608 2293 646 2361 in
663 2291 719 2361 bis
736 2292 898 2362 kechene
915 2293 970 2362 for
986 2293 1156 2387 olenging
1179 2294 1222 2363 of
1241 2295 1296 2365 his
1313 2288 1435 2364 manse
1452 2293 1490 2364 iu
1507 2288 1846 2386 recompensatioun

506 2405 575 2477 and
593 2400 832 2474 satisfactioun
859 2405 901 2474 of
923 2410 966 2492 be
984 2405 1111 2497 quhilk
1138 2411 1183 2497 pe
1210 2402 1347 2477 forsade
1371 2400 1516 2476 maister
1542 2402 1755 2475 Alexander
1780 2404 1847 2476 lies

504 2516 616 2612 giffyn
634 2523 678 2607 pe
695 2512 826 2587 sowme
843 2516 885 2586 of
897 2517 1039 2588 sourten
1058 2514 1252 2612 schillingis
1269 2526 1308 2587 to
1325 2523 1369 2607 be
1386 2512 1558 2588 soirsaidis
1575 2502 1743 2610 personas
1761 2553 1771 2572 ·
1791 2514 1847 2586 At

507 2626 703 2700 Aberdene
720 2636 764 2718 pe
781 2623 855 2700 first
872 2629 941 2721 day
959 2629 1000 2699 of
1012 2627 1216 2701 December
1231 2635 1276 2722 pe
1292 2629 1371 2722 geir
1387 2647 1558 2703 nuncu.
1581 2640 1587 2651 '

510 2939 638 3043 Carta
663 2964 919 3036 seudifiimaria
944 2973 1121 3036 terrarum
1148 2965 1193 3036 de
1224 2960 1405 3059 Petglalsy
1428 2963 1603 3059 Kethbeg
1626 2974 1664 3036 et
1681 2961 1851 3036 Auchin·

511 3080 701 3154 bandauch
728 3079 774 3151 ab
799 3074 964 3170 episcopo
981 3077 1074 3148 satta
1091 3076 1303 3148 Alexandro
1321 3076 1467 3172 Ogiluie
1492 3077 1537 3147 de
1554 3077 1682 3148 eodem
1708 3116 1717 3133 ·
1750 3075 1852 3150 Red-

511 3194 628 3265 dendo
647 3193 732 3264 iude
755 3192 913 3282 antiquis
938 3186 1215 3284 prestationibus
1235 3191 1272 3258 in
1291 3191 1478 3282 pecuniam
1504 3188 1737 3259 commutatis
1754 3183 1852 3260 sum·

511 3328 605 3378 mani
630 3305 894 3376 extendentem
913 3305 950 3373 iii
967 3310 1048 3372 toto
1068 3302 1113 3372 ad
1139 3324 1210 3371 cix·
1230 3301 1338 3372 libras
1361 3300 1434 3393 aij·
1459 3297 1587 3371 solidos
1608 3308 1645 3372 et
1670 3295 1718 3393 ij·
1738 3299 1852 3374 dena·

510 3419 581 3491 rios
594 3441 735 3489 necnon
750 3415 965 3508 duplicando
980 3413 1110 3484 dicam
1125 3409 1299 3485 summam
1316 3413 1354 3483 in
1371 3413 1523 3483 introitu
1540 3408 1729 3484 cuiussibet
1746 3412 1853 3485 bere-

511 3532 566 3602 dis
592 3540 630 3602 et
659 3529 824 3601 i'aciendo
850 3537 923 3598 tres
949 3523 1060 3597 senas
1087 3526 1131 3596 ad
1153 3527 1223 3598 tria
1251 3525 1385 3618 placita
1410 3524 1579 3618 capitalia
1598 3563 1608 3582 ·
1627 3522 1724 3596 Data
1751 3526 1851 3618 apud

511 3644 706 3716 Aberdeen
724 3645 761 3714 ix
779 3639 940 3733 Januarij
960 3660 1032 3712 ian.
1051 3657 1242 3709 nomini.

516 3959 746 4072 Preceptum
783 3973 892 4050 sasine
925 3972 1084 4070 magistri
1113 3974 1264 4046 Joannis
1294 3973 1456 4045 Chalmir
1488 3973 1728 4067 procuratoris
1754 3995 1856 4044 com·

514 4095 634 4166 munis
667 4092 879 4163 deonorum
905 4088 1004 4162 chori
1034 4084 1182 4160 ecclesie
1214 4085 1430 4158 cathedralis
1455 4085 1500 4156 ab
1526 4080 1689 4179 episcopo
1724 4083 1855 4156 datum

517 4205 621 4275 vnius
648 4203 757 4273 annui
785 4201 946 4272 redditus
974 4224 1018 4275 ex
1047 4200 1259 4271 fundatione
1287 4197 1487 4269 Alexandri
1519 4194 1605 4290 Kyd
1633 4191 1856 4269 succentoris

515 4340 580 4410 pro
597 4337 668 4386 ina
684 4310 784 4384 milla
800 4313 846 4383 de
863 4308 1100 4406 compassione
1117 4305 1267 4405 gloriose
1284 4311 1432 4404 virginis
1447 4306 1741 4380 hebdomadatim
1759 4307 1858 4381 cele·

517 4427 653 4505 branda
671 4466 679 4482 ·
699 4425 836 4502 Datum
853 4425 948 4518 apud
966 4424 1152 4496 Abirdeen
1169 4423 1206 4516 xj
1223 4420 1385 4515 Januarij
1404 4441 1476 4494 an.
1494 4438 1687 4494 ianxcni.
