4088 5430
346 648 392 713 lo
861 626 1166 704 REGISTRUM
1529 624 1681 720 [sucum

345 832 493 910 ecclesia
518 844 556 907 et
582 835 627 906 de
651 831 803 904 Matheo
833 827 995 923 episcopo
1023 819 1271 899 Aberdonensr
1297 832 1335 896 et
1361 824 1406 895 de
1431 817 1682 895 suecessoribus
1814 899 1819 910 ,

345 947 415 1020 suis
433 944 604 1040 episcopis
629 946 666 1015 in
689 952 904 1038 perpetuum
930 942 982 1012 ita
1006 939 1119 1011 libere
1136 948 1175 1009 et
1191 937 1314 1029 quiete
1339 935 1496 1029 plenarie
1514 944 1552 1007 et
1573 935 1684 1005 hono-

345 1061 443 1131 rifice
469 1055 560 1132 ficut
585 1065 684 1129 carta
708 1056 837 1150 prefati
863 1052 1016 1148 episcopi
1042 1047 1195 1123 testatur
1217 1047 1408 1120 ·Testibus
1424 1087 1433 1104 ·
1449 1047 1474 1120 J
1493 1089 1501 1105 ·
1520 1044 1683 1142 episcopo

347 1166 556 1265 Glasguenfi
581 1210 589 1226 ·
610 1168 646 1241 G
670 1209 678 1225 ·
705 1167 835 1239 abbate
861 1158 1078 1237 Rieuallensr
1100 1203 1109 1220 ·
1128 1162 1188 1233 R·
1207 1162 1338 1234 abbate
1363 1163 1408 1232 de
1434 1160 1572 1233 Meiros
1590 1201 1598 1217 ·
1617 1159 1656 1231 H
1674 1202 1682 1217 ·

347 1285 478 1357 abbate
495 1284 541 1353 de
559 1279 756 1373 Newbotyl
774 1319 782 1336 ·
801 1279 933 1350 comite
951 1277 1127 1347 Duncano
1146 1315 1154 1333 ·
1173 1275 1305 1345 comite
1323 1272 1489 1346 Gilberto
1508 1273 1685 1344 ·Ricard0

349 1399 394 1468 de
419 1395 601 1489 prebenda
625 1392 755 1464 clerico
780 1413 861 1461 meo
879 1431 887 1447 ·
908 1388 985 1457 W·
1012 1389 1058 1460 de
1085 1383 1271 1481 Lyndesay
1287 1424 1295 1440 ·
1313 1384 1349 1456 A
1367 1424 1375 1440 ·
1393 1386 1551 1479 dapifero
1576 1408 1683 1457 meo·

350 1507 538 1578 Willelmo
559 1506 604 1576 de
622 1501 795 1574 Moreuill
813 1543 821 1558 ·
841 1499 1039 1572 Malcolmo
1055 1498 1130 1570 filio
1147 1498 1289 1571 comitis
1307 1497 1474 1570 Duncani
1492 1537 1499 1553 ·
1519 1497 1685 1570 Waltero

350 1622 395 1691 de
412 1616 579 1689 Berkelei
597 1616 816 1687 camerario·
834 1613 927 1706 apud
947 1611 1164 1706 Edynburch
1183 1651 1190 1668 ·

352 1956 461 2026 Carta
490 1954 628 2025 abbatis
659 1962 696 2022 et
725 1960 925 2021 conuentus
955 1949 1000 2019 de
1030 1947 1167 2018 Melros
1195 1944 1301 2040 super
1330 1948 1478 2019 dimidia
1505 1961 1689 2020 carrucata

352 2079 446 2137 terre
463 2065 557 2158 apud
576 2064 678 2135 Rane
696 2101 703 2118 ·

349 2267 545 2365 Omnibus
574 2285 691 2358 santte
720 2287 845 2357 matris
872 2278 1019 2354 ecclesie
1048 2281 1131 2353 filiis
1158 2283 1269 2354 frater
1297 2282 1515 2355 laurencius
1543 2298 1689 2357 vocatus

354 2406 462 2476 abbas
480 2403 524 2472 de
543 2398 680 2470 Meiros
698 2407 735 2468 et
752 2394 910 2467 eiusdem
935 2395 1003 2465 loci
1027 2404 1228 2466 conuentus
1246 2392 1396 2467 salutem
1415 2434 1423 2451 ·
1441 2396 1598 2469 Nouerit
1615 2409 1690 2472 tam

354 2514 535 2610 presentes
547 2532 654 2603 quam
667 2510 780 2579 futuri
797 2531 861 2578 nos
879 2501 1079 2579 concessisse
1092 2516 1130 2578 et
1142 2508 1209 2579 hae
1226 2504 1345 2578 nostra
1362 2518 1461 2581 carta
1473 2507 1691 2583 confirmasse

355 2629 516 2699 Roberto
542 2621 616 2692 filio
640 2619 805 2715 Hugonis
827 2619 893 2712 filij
922 2618 1105 2712 Spileman
1132 2628 1170 2689 et
1197 2619 1387 2690 heredibus
1412 2617 1483 2692 suis
1509 2621 1692 2694 dimidiam

356 2746 575 2813 carrucatam
605 2743 700 2804 terre
729 2729 970 2803 mensuratam
1000 2731 1095 2824 apud
1126 2729 1229 2802 Rane
1258 2729 1394 2803 seilicet
1424 2756 1469 2804 ex
1500 2734 1691 2826 aquilonali

356 2863 457 2946 parte
475 2851 570 2918 inter
586 2839 770 2916 ecclesiam
787 2840 897 2915 santii
911 2842 1060 2914 Andree
1078 2839 1235 2914 eiusdem
1249 2842 1331 2913 Ran
1344 2853 1382 2914 et
1396 2843 1592 2917 Rothemaa
1609 2869 1692 2916 cum

357 2961 538 3036 communi
564 2953 707 3050 pastura
724 2995 732 3012 ·
751 2977 858 3047 quam
876 2955 1044 3026 videlicet
1070 2964 1201 3025 terram
1227 2952 1411 3048 episcopus
1427 2953 1692 3029 Aberdonensrs

359 3073 531 3146 Matheus
552 3069 652 3139 dedit
670 3067 750 3138 Deo
768 3078 806 3137 et
823 3064 941 3137 sande
960 3065 1078 3137 Marie
1096 3075 1134 3136 et
1152 3066 1273 3136 domui
1300 3064 1418 3138 nostre
1435 3069 1480 3139 de
1498 3067 1636 3140 Melros
1656 3080 1693 3140 et

357 3187 420 3258 sua
437 3193 536 3256 carta
552 3179 773 3252 confirmavit
792 3217 800 3235 ·
819 3177 926 3250 Hanc
951 3179 1062 3272 igitur
1086 3188 1200 3249 totam
1226 3187 1358 3250 terram
1379 3180 1517 3272 prefato
1535 3180 1694 3254 Roberto

359 3316 396 3371 et
413 3295 604 3369 heredibus
621 3293 697 3362 eius
715 3289 942 3361 concedimus
959 3291 1098 3361 anobis
1116 3291 1309 3362 tenendam
1335 3291 1446 3363 libere
1463 3302 1501 3363 et
1518 3295 1640 3386 quiete
1657 3304 1695 3365 et

360 3408 434 3482 line
451 3408 548 3477 omni
567 3404 752 3476 exactione
770 3410 807 3472 et
825 3398 1081 3472 consuetudine
1098 3413 1136 3474 et
1152 3399 1296 3473 servitio
1313 3399 1460 3475 seculari
1474 3445 1482 3461 ·
1498 3404 1696 3478 Reddendo

361 3525 445 3594 inde
475 3518 660 3591 annuatim
692 3537 798 3584 vnam
831 3512 958 3583 libram
989 3509 1121 3585 incensi
1148 3555 1156 3571 ·
1181 3512 1278 3586 salvo
1307 3518 1404 3586 omni
1427 3517 1511 3609 jure
1540 3520 1697 3610 predi&e

362 3628 509 3705 ecclesie
526 3641 601 3699 tam
625 3629 662 3697 in
684 3626 831 3696 decimis
848 3647 954 3715 quam
978 3626 1107 3696 ceteris
1130 3627 1401 3698 rettitudinibus
1427 3625 1697 3702 ecclesiasticis·

364 3745 446 3816 Hiis
476 3738 625 3813 testibus
657 3736 854 3807 Malcolmo
883 3736 1129 3808 archidiacono
1159 3738 1204 3808 de
1234 3737 1406 3811 Aberdon
1437 3750 1475 3813 et
1505 3742 1697 3834 capellanis

364 3853 516 3950 episcopi
535 3850 723 3921 Willelmo
750 3848 891 3942 Rogero
918 3847 1108 3941 liudulpho
1133 3846 1285 3920 Adam·
1311 3861 1349 3922 et
1376 3852 1513 3924 clericis
1540 3850 1696 3945 ejusdem

365 3966 499 4038 Helia·
521 3961 712 4056 Mychaele
729 3998 736 4015 ·
755 3958 964 4030 Alexandro
983 4000 990 4017 ·
1010 3958 1148 4031 Bedino
1167 4000 1174 4016 ·
1194 3970 1232 4031 et
1254 3961 1418 4034 Galsrido
1444 3965 1488 4035 de
1510 3963 1699 4036 Malauilla

366 4090 403 4151 et
421 4078 578 4170 Symone
595 4083 633 4144 et
651 4073 770 4144 Alano
787 4071 954 4143 fratribus
971 4067 1128 4163 ejusdem
1145 4071 1297 4166 episcopi
1316 4115 1323 4130 ·
