4088 5430
505 619 575 687 422
1023 608 1329 684 REGISTRUM
1693 612 1860 709 [sucum

502 807 607 905 super
631 805 742 882 safiua
760 807 918 882 eiusdem
944 812 982 880 iu
1000 811 1160 883 fauorem
1187 807 1454 902 capellanorum
1480 811 1579 884 ebori
1604 835 1669 906 pro
1687 810 1859 885 celebra-

502 923 602 993 tione
620 919 849 1016 anniuersarij
869 923 1004 994 domini
1021 921 1150 995 Jacobi
1176 919 1385 1018 Kynoragie
1406 923 1532 996 decani
1550 920 1827 997 Aberdonenfis
1846 961 1855 978 ·

503 1033 642 1105 Datum
656 1034 716 1128 viij
735 1031 891 1129 Augusti
909 1056 983 1105 nn.
1001 1054 1194 1106 noxum.

505 1338 633 1446 Carta
655 1369 908 1441 infeudationis
933 1382 1110 1442 terrarum
1136 1370 1181 1441 de
1207 1367 1412 1464 Eunoquhy
1437 1379 1477 1442 et
1503 1366 1601 1442 Estir
1616 1370 1736 1442 Olune
1762 1393 1851 1441 cum

502 1482 734 1577 pertineneijs
759 1482 805 1553 ab
831 1479 994 1577 episeopo
1018 1484 1113 1554 sadra
1137 1478 1306 1576 magistro
1332 1481 1544 1554 Alexandro
1573 1481 1773 1575 Straquhin
1797 1482 1852 1554 ¹de

502 1593 715 1665 Thorntoun
729 1601 768 1664 et
784 1592 988 1665 Katberine
1007 1589 1168 1687 Erikyne
1185 1589 1246 1664 sue
1264 1588 1388 1687 sponse
1405 1633 1414 1650 ·
1432 1593 1632 1667 Reddenda
1650 1595 1735 1665 iude
1753 1595 1854 1666 anti·

502 1709 583 1800 quis
600 1701 878 1800 prestationibus
888 1707 926 1776 in
943 1706 1134 1798 pecuniam
1145 1707 1378 1777 commutatis
1392 1702 1567 1778 summam
1584 1707 1851 1779 extendentem

502 1932 592 2024 duae
624 1928 738 2001 bollas
772 1952 968 2001 auenarum
1003 1931 1146 2022 antiqui
1179 1929 1329 2002 rentalis
1368 1930 1586 2024 duplicando
1619 1930 1658 2001 in
1691 1931 1851 2002 introitu

502 2038 693 2116 cuiussibet
717 2040 859 2113 heredis
875 2064 917 2112 ao
944 2041 1109 2113 faciendo
1126 2053 1202 2113 tres
1225 2040 1339 2115 sedas
1365 2043 1410 2114 ad
1428 2045 1499 2114 tria
1526 2042 1661 2135 placita
1676 2041 1851 2136 capitalia

502 2154 661 2228 tenenda
684 2155 723 2224 in
740 2152 892 2246 pallaeio
910 2150 1065 2247 episcopi
1091 2193 1099 2209 ·
1127 2152 1225 2225 Data
1247 2154 1343 2248 apud
1367 2152 1554 2226 Aberdein
1574 2153 1591 2248 j
1619 2153 1850 2247 Septembris

502 2289 576 2340 nn.
593 2285 783 2338 monum.

502 2573 629 2681 Carta
645 2600 899 2675 feudiiirmaria
915 2542 1144 2671 dimidiarum
1162 2606 1339 2670 terrarum
1358 2599 1403 2670 de
1414 2598 1570 2672 Gouillis
1588 2608 1626 2671 et
1644 2597 1849 2673 Loehhillis

499 2712 726 2811 abepiscopo
752 2736 835 2785 oum
854 2707 1022 2784 consensu
1050 2710 1199 2803 capituli
1217 2711 1311 2783 faita
1337 2709 1498 2783 Henrico
1525 2711 1717 2805 Monitry·
1746 2710 1848 2784 Red-

500 2831 618 2903 dendo
641 2828 725 2898 inde
742 2848 806 2919 pro
829 2825 955 2896 formis
972 2833 1011 2894 et
1027 2818 1205 2917 greffuma
1221 2846 1354 2896 nouem
1381 2823 1489 2895 librae
1514 2824 1708 2895 dimediam
1736 2827 1847 2897 vnius

499 2953 616 3015 marte
633 2948 820 3010 mutonem
835 2960 918 3008 cum
936 2936 1093 3007 dimedia
1105 2936 1210 3005 vuius
1227 2937 1387 3006 mutonis
1401 2931 1461 3006 sex
1479 2958 1633 3029 capones
1650 2935 1846 3008 duodecim

501 3055 622 3149 pultre
639 3050 700 3123 sex
719 3049 855 3121 firlotaa
874 3049 972 3119 ordei
990 3070 1098 3117 vnam
1125 3045 1258 3117 bollam
1278 3048 1410 3119 farrine
1428 3048 1618 3120 auenatiee
1634 3057 1709 3119 tres
1726 3049 1845 3122 bollae

500 3188 696 3238 auenarum
726 3185 790 3257 pro
820 3161 1007 3255 bondagijs
1037 3159 1127 3229 duos
1155 3155 1283 3230 solidos
1312 3156 1373 3230 sex
1404 3161 1569 3230 denarios
1593 3182 1659 3253 pro
1685 3157 1847 3256 seruicijs

501 3250 632 3350 debitis
662 3288 700 3349 et
730 3270 910 3347 consuetis
937 3274 1064 3346 decem
1089 3267 1218 3341 solidos
1248 3280 1394 3342 monete
1421 3273 1522 3366 regni
1550 3269 1672 3344 Scotie
1699 3294 1843 3344 necnon

501 3389 561 3461 sex
580 3388 708 3460 solidos
725 3389 806 3457 ono
825 3385 990 3455 denarios
1008 3385 1042 3452 in
1063 3385 1397 3478 augmentationem
1416 3383 1565 3455 rentalis
1583 3422 1591 3440 ·
1611 3383 1844 3477 Duplicando

500 3504 632 3575 dietam
660 3498 834 3570 summam
861 3495 1031 3568 vidualia
1057 3505 1095 3567 et
1130 3494 1201 3567 alia
1231 3496 1369 3565 diuoria
1402 3496 1440 3565 in
1469 3496 1621 3566 introitu
1651 3492 1845 3567 cuiussibet

500 3615 641 3687 heredis
659 3625 697 3684 et
714 3610 878 3682 faciendo
896 3617 969 3680 tres
987 3604 1097 3679 sedas
1115 3607 1160 3678 ad
1178 3609 1248 3679 tria
1264 3605 1398 3700 placita
1415 3605 1609 3701 capitalia·
1631 3605 1729 3678 Data
1745 3609 1844 3698 apud

499 3726 686 3799 Aberdein
703 3726 766 3795 xiv
784 3721 1096 3816 Septembrium.
1115 3737 1308 3790 mnxmn.

500 4039 625 4140 Carta
658 4056 915 4133 feudifirmaria
939 4066 1116 4128 terrarum
1152 4054 1197 4124 de
1232 4052 1466 4144 Auchmanpe
1499 4077 1582 4125 cum
1612 4053 1845 4147 pertiuentije

499 4173 733 4268 abepiscopo
760 4172 854 4242 faita
882 4168 1038 4239 Patricio
1065 4164 1239 4238 Gordoun
1270 4203 1278 4219 ·
1311 4162 1510 4235 Reddendo
1538 4165 1624 4236 inde
1650 4167 1843 4237 annuatim

498 4312 562 4384 pro
597 4287 718 4357 fermis
753 4292 792 4354 et
825 4278 1002 4376 graiiuma
1035 4280 1095 4349 dx·
1131 4277 1239 4348 libras
1269 4276 1340 4368 ·xij·
1380 4271 1510 4346 solidos
1543 4299 1649 4361 vnam
1684 4285 1843 4347 martam

502 4404 591 4472 duos
626 4406 795 4466 mutones
829 4392 959 4486 viginti
990 4402 1144 4483 quatuor
1170 4386 1290 4481 pultre
1316 4387 1506 4458 duodecim
1541 4411 1627 4460 aues
1660 4383 1843 4460 filuestree

412 4505 418 4517 ’
504 4516 592 4586 duas
608 4507 723 4580 bellas
748 4527 945 4579 auenarum
970 4525 1051 4574 oum
1081 4501 1214 4596 pabulo
1240 4523 1304 4594 pro
1330 4498 1517 4595 bondagijs
1534 4500 1592 4594 iij·
1611 4496 1741 4572 solidos
1765 4501 1842 4595 iiij·
