4088 5430
345 621 391 691 94
861 603 1165 680 REGISTRUM
1535 603 1687 698 [sucum

346 922 531 1016 Obligatio
549 920 750 990 Alexandri
768 919 813 988 de
831 918 1074 1010 Abircrumby
1091 917 1129 986 in
1147 917 1273 986 deoem
1291 916 1420 984 mareis
1439 953 1447 969 ·

347 1125 492 1219 Pateat
518 1138 690 1213 vuiuersrs
714 1165 778 1234 per
803 1138 986 1234 presentes
1012 1136 1349 1232 mealexandrum
1376 1139 1422 1209 de
1446 1136 1690 1229 Abirerumby

346 1260 533 1330 dominum
550 1257 595 1326 de
613 1253 828 1347 Petmalohy
844 1255 883 1323 in
900 1252 936 1324 la
953 1251 1144 1344 Garuyaoh
1161 1263 1200 1322 et
1216 1252 1367 1322 heredes
1392 1272 1492 1321 meos
1517 1250 1634 1321 teneri
1651 1260 1690 1319 et

345 1395 410 1465 per
434 1367 617 1462 presentes
641 1365 712 1436 fide
738 1366 858 1436 media
882 1364 1033 1434 firmiter
1059 1362 1210 1457 obligari
1235 1364 1443 1434 reuerendis
1462 1364 1546 1433 viris
1567 1371 1606 1432 et
1623 1358 1691 1433 dis-

347 1485 454 1554 eretis
480 1482 615 1551 decano
632 1488 669 1548 et
687 1476 845 1570 capitulo
864 1470 1114 1547 Aberdonenfi
1140 1476 1325 1547 indecem
1350 1477 1481 1546 marcis
1505 1469 1691 1568 sterlingo-

347 1618 428 1666 rum
445 1595 620 1663 bonorum
638 1600 675 1660 et
692 1589 863 1683 legalium
881 1611 946 1681 pro
962 1611 1070 1682 pareo
1089 1588 1135 1658 de
1153 1586 1189 1658 la
1205 1586 1373 1658 Galoholl
1400 1610 1483 1658 cum
1509 1587 1692 1679 pertinen·

348 1710 408 1777 tiis
424 1705 513 1774 mihi
532 1712 570 1773 et
585 1702 778 1773 heredibus
804 1702 889 1771 dato
916 1695 1076 1770 concesso
1093 1709 1132 1769 et
1149 1699 1365 1770 hereditarie
1383 1700 1428 1770 ad
1445 1697 1691 1769 seodotirmam

349 1813 485 1889 dimisso
511 1839 574 1908 pro
592 1812 738 1885 seruitio
756 1815 860 1883 vnius
887 1810 1062 1903 capellani
1089 1811 1214 1882 diuina
1238 1811 1454 1882 oelebraturi
1480 1813 1518 1881 in
1544 1806 1693 1881 ecelesia

350 1928 544 2001 cathedrali
566 1928 611 1996 de
629 1925 803 1996 Aberdon
829 1925 1019 1994 annuatim
1044 1920 1224 1994 soluendis
1250 1923 1295 1994 ad
1321 1919 1507 1994 eeclesiam
1534 1924 1580 1993 de
1606 1921 1693 1992 For-

351 2039 428 2134 dyss
454 2041 498 2110 ad
524 2041 613 2109 duos
638 2039 723 2108 anui
751 2038 925 2106 terminos
947 2032 1085 2105 vsuales
1107 2034 1277 2106 videlicet
1302 2037 1460 2127 quinque
1486 2057 1622 2106 mareas
1647 2035 1692 2105 ad

351 2152 480 2224 festum
515 2145 756 2244 penthecostis
791 2158 828 2218 et
859 2146 946 2218 alias
980 2146 1138 2237 quinque
1172 2170 1311 2218 mareas
1340 2148 1385 2218 ad
1419 2143 1549 2217 festum
1581 2143 1692 2217 saneti

353 2266 504 2336 Martini
522 2266 559 2332 in
577 2285 681 2354 yeme
697 2261 861 2354 proxime
882 2258 1032 2349 sequens
1048 2267 1156 2350 prout
1173 2260 1211 2328 in
1229 2269 1327 2329 carta
1342 2259 1430 2328 mihi
1448 2268 1486 2329 et
1503 2259 1694 2328 heredibus

352 2380 442 2448 meis
459 2378 542 2446 iude
560 2374 723 2445 oousedaa
746 2370 889 2465 plenius
906 2371 1114 2440 continetur
1131 2365 1205 2440 fine
1223 2369 1305 2440 dolo
1322 2371 1447 2440 fraude
1464 2380 1528 2441 aut
1546 2370 1695 2440 ulterius

353 2491 496 2561 termini
517 2486 766 2580 prorogatione
780 2505 1014 2575 quacunque·
1028 2481 1072 2551 ad
1092 2504 1199 2572 quam
1212 2478 1427 2553 solutionem
1444 2481 1601 2553 fideliter
1617 2505 1696 2576 per·

353 2601 575 2694 implendum
594 2606 634 2666 vt
650 2597 874 2689 premittitur
899 2593 1018 2687 obligo
1035 2616 1094 2662 me
1111 2594 1261 2665 heredes
1286 2617 1385 2664 meos
1408 2593 1577 2685 meosque
1595 2590 1696 2688 affig-

354 2724 457 2784 natos
475 2737 515 2783 ae
534 2712 645 2781 etiam
663 2717 738 2778 tam
756 2730 881 2778 omnes
899 2716 1013 2777 terras
1030 2705 1075 2775 de
1089 2703 1302 2800 Petmalehy
1319 2714 1357 2776 et
1375 2707 1420 2777 de
1433 2706 1594 2778 Herthill
1612 2730 1694 2777 cum

355 2825 581 2919 pertinentiis
599 2830 636 2891 et
655 2821 775 2890 omnia
792 2820 886 2890 bona
902 2818 1052 2889 mobilia
1068 2817 1162 2888 infra
1177 2816 1356 2911 predibtas
1374 2828 1487 2890 terras
1505 2816 1697 2890 existentia

355 2961 462 3031 quam
490 2937 625 3005 dietum
654 2928 801 3026 parou'ru
820 2932 865 3001 de
883 2931 918 3001 la
935 2928 1103 3002 Galeholl
1129 2931 1166 3000 in
1189 2928 1271 3001 easu
1289 2932 1384 3022 quod
1414 2932 1509 3003 bona
1532 2955 1614 3003 mea
1635 2930 1696 3001 seu

355 3051 541 3120 hominum
567 3067 730 3116 meorum
748 3043 840 3113 infra
857 3044 992 3113 dietum
1015 3064 1163 3133 parcum
1180 3044 1332 3114 inuenta
1348 3044 1394 3115 ad
1410 3046 1589 3139 integram
1605 3042 1698 3116 soln-

355 3165 493 3231 tionem
522 3168 560 3228 vt
589 3156 860 3251 prenominatur
887 3153 1053 3246 superius
1083 3176 1156 3224 non
1185 3150 1317 3247 posllnt
1344 3152 1503 3228 suffioere
1530 3160 1697 3250 quotiens

356 3297 445 3365 opus
472 3272 581 3341 suerit
606 3269 682 3338 sore
708 3268 820 3336 artius
845 3261 1087 3359 distringendo
1112 3266 1292 3337 namando
1319 3278 1357 3337 et
1385 3269 1498 3339 didoos
1524 3268 1697 3342 namossr

357 3387 466 3455 fuerit
493 3377 628 3453 neeesse
655 3378 843 3449 vendendo
869 3373 944 3447 srne
968 3377 1115 3447 lieentia
1141 3375 1383 3470 cuiuscunque
1408 3380 1533 3451 balliui
1557 3379 1700 3453 eoelest-

358 3492 455 3565 astioi
470 3494 544 3565 srue
561 3490 728 3564 secularis
746 3487 847 3559 nullo
864 3489 1096 3582 proponendo
1110 3486 1274 3561 obstante
1287 3528 1295 3544 ·
1309 3490 1420 3564 Salua
1431 3503 1554 3565 tamen
1571 3518 1699 3589 guerra

358 3609 539 3678 communi
574 3601 756 3696 quousque
787 3600 881 3670 dieo
911 3601 1070 3694 capitulo
1098 3612 1138 3672 vt
1171 3603 1368 3696 predicitur
1400 3605 1561 3698 plenarie
1590 3608 1700 3678 fuerit

358 3717 571 3790 sbtiffadum
590 3757 597 3773 ·
618 3716 662 3786 lu
680 3716 781 3786 euius
807 3715 859 3782 rei
885 3709 1130 3783 testimonium
1148 3711 1301 3808 sigillum
1328 3739 1451 3786 meum
1477 3717 1700 3808 presentibus

360 3827 412 3901 est
432 3828 626 3923 appensum
645 3837 683 3898 et
700 3828 746 3898 ad
763 3827 934 3896 maiorem
960 3826 1181 3897 euidentiam
1199 3822 1352 3921 sigillum
1379 3852 1571 3901 commune
1596 3831 1699 3926 burgi

339 3944 406 4014 .de
433 3942 605 4012 Aberden
638 3941 753 4033 gratia
786 3933 981 4031 testimonij
1015 3940 1203 4032 procuraui
1237 3943 1404 4034 apponi·
1434 3939 1571 4012 Datum
1606 3943 1700 4037 apud

360 4057 547 4126 canoniam
566 4054 611 4123 de
629 4050 803 4121 Aberdon
824 4049 965 4119 decimo
988 4050 1046 4120 die
1071 4046 1203 4121 mensus
1230 4049 1413 4145 Februarij
1432 4076 1526 4123 anno
1553 4053 1700 4126 Domini

361 4161 549 4235 millesimo
567 4156 817 4233 trecentesimo
834 4157 1054 4256 sexagesimo
1070 4159 1226 4234 seeundo
1244 4203 1252 4219 ·
