4088 5430
337 621 422 696 -260
866 618 1172 694 REGISTRUM
1532 619 1689 716 [sucum

352 828 432 889 tum
454 817 564 892 libras
582 859 591 877 ·
609 860 618 877 ·
638 859 646 877 ·
665 827 859 913 antequam
882 819 1076 891 audiantur
1091 819 1130 889 in
1147 819 1280 892 iudicio
1297 856 1306 876 ·
1323 857 1332 874 ·
1348 856 1357 876 ·
1375 815 1487 913 Apud
1509 817 1689 913 capellam

352 930 459 1001 beate
476 930 597 1002 Marie
609 929 773 1026 Virginis
790 932 835 1002 de
848 930 1029 1003 Garuiach
1043 929 1209 1003 vicesimo
1225 928 1329 1003 sexto
1345 931 1406 1002 dic
1421 929 1552 1002 menfis
1570 929 1686 1023 Maij·

352 1064 448 1113 anno
478 1041 626 1114 Domini
658 1039 846 1114 millesimo
876 1039 1228 1138 quadringentesimo
1257 1038 1550 1138 quinquagesimo
1578 1045 1689 1114 tertio

354 1178 473 1226 coram
496 1156 565 1248 hijs
590 1151 741 1227 testibus
758 1156 968 1228 Alexandro
990 1151 1097 1249 Lessy
1122 1156 1166 1226 de
1192 1157 1319 1228 eodem
1337 1195 1346 1212 ·
1366 1154 1564 1226 Malcolmo
1582 1150 1689 1248 Lessy

353 1265 400 1337 de
416 1266 536 1338 cultis
553 1307 562 1324 ·
579 1266 746 1339 lohanne
764 1264 869 1361 Lelly
886 1305 895 1323 ·
911 1266 1049 1339 Thoma
1065 1266 1217 1337 Andree
1238 1262 1406 1362 burgenfi
1424 1266 1469 1338 de
1486 1265 1659 1340 Aberden
1678 1305 1687 1323 ·

354 1386 394 1449 et
409 1377 433 1450 J
436 1378 576 1451 ohanne
592 1380 638 1450 de
654 1378 905 1474 Abyrcromby
922 1390 1095 1451 manente
1112 1379 1208 1472 apud
1226 1377 1401 1473 Ardebyn
1420 1418 1428 1436 ·

355 1713 588 1787 Confirmatio
605 1714 704 1809 regia
720 1712 897 1786 Edwardo
914 1709 1069 1806 Ramsay
1085 1720 1261 1784 terrarum
1279 1711 1325 1782 de
1338 1705 1527 1784 Vesthalle
1544 1750 1554 1767 ·

353 1915 389 2012 J
390 1940 523 2012 acobus
541 1939 611 2011 Dei
631 1940 748 2034 gratia
763 1960 828 2009 rex
846 1935 1056 2010 Scottorum
1074 1977 1083 1994 ·
1101 1976 1110 1993 ·
1129 1975 1137 1993 ·
1157 1934 1290 2007 Sciatis
1306 1957 1372 2007 nos
1389 1974 1398 1992 ·
1418 1974 1426 1992 ·
1445 1974 1454 1992 ·
1472 1934 1691 2009 confirmasse

355 2094 363 2111 ·
392 2090 400 2110 ·
428 2089 438 2110 ·
461 2050 638 2123 Eduardo
655 2048 809 2144 Ramsay
834 2091 843 2108 ·
871 2090 879 2107 ·
905 2086 914 2104 ·
940 2049 1126 2119 dimidiam
1150 2055 1291 2140 partein
1317 2056 1493 2119 terrarum
1519 2049 1564 2118 de
1581 2045 1692 2120 Vest-

353 2163 436 2236 hele
453 2201 461 2220 ·
478 2199 487 2218 ·
504 2162 754 2256 ·Quequidem
767 2172 862 2233 terre
879 2199 888 2216 ·
904 2198 913 2215 ·
930 2198 939 2216 ·
956 2161 1104 2231 fuerunt
1116 2198 1125 2215 ·
1138 2197 1147 2214 ·
1160 2195 1168 2215 ·
1181 2158 1384 2230 Alexandri
1403 2157 1557 2255 Ramsiiy
1569 2161 1692 2233 fratris

353 2276 514 2371 germani
539 2274 689 2368 predidi
717 2272 884 2344 Edwardi
909 2272 1127 2343 hereditarie
1144 2310 1154 2329 ·
1172 2282 1211 2343 ct
1237 2293 1326 2363 quas
1351 2281 1465 2343 terras
1488 2312 1496 2328 ·
1521 2312 1530 2329 ·
1553 2311 1561 2330 ·
1584 2269 1690 2345 Idem

353 2388 588 2459 Alexander·
605 2424 613 2441 ·
631 2422 640 2442 ·
656 2387 694 2455 in
707 2407 835 2455 manus
848 2378 985 2453 nostras
1001 2406 1065 2476 per
1077 2379 1156 2455 suos
1172 2393 1421 2477 procuratores
1436 2421 1446 2441 ·
1463 2422 1472 2439 ·
1487 2421 1497 2440 ·
1515 2386 1610 2478 apud
1628 2423 1636 2441 ·
1653 2422 1662 2441 ·
1680 2426 1689 2444 ·

353 2498 574 2593 Edynburgh
588 2520 708 2569 coram
725 2492 927 2589 subscriptis
945 2488 1094 2566 testibus
1111 2533 1120 2551 ·
1136 2534 1145 2551 ·
1162 2533 1171 2551 ·
1188 2491 1383 2590 resignauit
1401 2536 1409 2553 ·
1429 2534 1438 2552 ·
1456 2534 1465 2551 ·
1482 2497 1691 2569 Tenendum

353 2650 363 2670 ·
381 2648 390 2668 ·
408 2650 417 2667 ·
435 2610 472 2680 in
490 2610 595 2680 feodo
613 2618 651 2680 et
668 2608 869 2678 hereditate
889 2608 1157 2702 imperpetuum
1176 2648 1186 2665 ·
1204 2646 1213 2665 ·
1232 2649 1240 2666 ·
1260 2606 1436 2679 ffaciendo
1453 2608 1538 2680 inde
1556 2632 1693 2683 annua·

352 2724 445 2795 tim·
462 2760 470 2777 ·
488 2760 496 2777 ·
513 2720 663 2793 seruicia
675 2721 721 2791 de
734 2720 837 2790 dictis
853 2720 958 2790 terris
972 2719 1095 2791 debita
1112 2761 1121 2778 ·
1140 2760 1149 2777 ·
1168 2761 1177 2779 ·
1197 2717 1242 2790 In
1255 2721 1359 2791 cuius
1376 2720 1429 2790 rei
1446 2717 1692 2794 testimouium

352 2832 508 2931 presenti
534 2843 633 2905 carte
657 2829 777 2902 nostre
802 2854 973 2926 magnum
1003 2828 1160 2926 sigillum
1185 2827 1346 2902 nostrum
1371 2834 1502 2926 apponi
1531 2836 1694 2927 precepi·

353 2968 434 3018 mus
447 2982 456 3002 ·
468 2940 633 3016 Testibus
651 2983 659 3000 ·
677 2979 686 2998 ·
702 2979 712 2998 ·
728 2941 753 3013 J
755 2943 896 3014 ohanne
913 2953 952 3014 et
969 2942 1107 3014 Thomu
1122 2940 1360 3014 Morauienlis
1377 2952 1415 3014 et
1433 2943 1595 3016 Candide
1612 2944 1693 3018 case

354 3054 582 3131 ecclesiarum
607 3052 805 3149 episcopis·
829 3093 837 3111 ·
860 3053 1044 3148 ·Georgio
1070 3056 1203 3126 comite
1231 3056 1277 3125 de
1303 3051 1479 3127 Cathness
1505 3057 1693 3130 admirallo

354 3173 455 3266 regni
479 3165 615 3240 nostri·
634 3167 796 3238 Roberto
814 3166 959 3237 domino
977 3166 1179 3261 Flemyng·
1199 3205 1208 3223 ·
1228 3205 1236 3223 ·
1253 3164 1392 3237 Jacobo
1411 3166 1597 3263 Lyndesay
1613 3192 1695 3263 pre-

354 3279 470 3378 posito
504 3276 652 3353 ecclesie
691 3278 882 3373 collegiata
916 3280 962 3349 de
996 3277 1243 3349 Lincloudane
1276 3273 1386 3348 nostri
1425 3275 1552 3350 secreti
1586 3276 1693 3376 sigilli

355 3391 535 3467 custode·
561 3391 719 3485 Georgio
744 3387 963 3461 Chorisvode
988 3390 1201 3462 cancellario
1225 3387 1475 3463 Dunkeldenli
1500 3387 1692 3465 secretario

264 3526 269 3537 ·
355 3503 476 3579 nostro
492 3538 501 3563 ·
518 3512 557 3576 et
574 3503 787 3575 Alexandro
806 3500 932 3594 Napar
957 3503 1002 3573 de
1026 3497 1345 3574 Marchanistoune
1368 3501 1570 3576 nostrorum
1594 3528 1693 3577 com-

355 3629 523 3715 potomm
540 3615 738 3688 rotulatore
755 3652 764 3670 ·
778 3614 890 3708 Apud
908 3614 1130 3709 Edynburgh
1148 3614 1211 3684 xiv
1227 3612 1286 3684 die
1303 3611 1434 3687 mensis
1452 3614 1578 3710 Martij
1596 3640 1691 3690 anno

358 3730 505 3802 Domini
523 3744 739 3800 mcccc-tm
757 3732 795 3796 et
812 3727 912 3820 regni
930 3723 1042 3796 nostri
1059 3725 1199 3796 decimo
1216 3726 1343 3795 citano
1361 3779 1370 3795 .

358 4062 578 4140 constitutio
595 4071 864 4158 procuratorum
882 4085 947 4156 pro
964 4057 1203 4156 resignatione
1220 4069 1396 4134 terrarum
1414 4062 1460 4134 de
1477 4059 1691 4138 Vesthalle·

359 4269 428 4367 Be
450 4293 481 4362 it
504 4288 623 4361 kende
648 4287 691 4359 til
717 4287 751 4359 al
776 4309 861 4359 men
879 4327 887 4344 ·
907 4325 915 4343 ·
935 4324 944 4344 ·
961 4309 1021 4357 me
1040 4285 1215 4358 Edwards
1240 4286 1282 4357 os
1303 4291 1347 4377 pe
1365 4282 1539 4360 Vesthalc
1563 4287 1608 4360 til
1632 4289 1699 4363 hof

357 4405 476 4479 muide
501 4441 510 4458 ·
537 4439 546 4458 ·
573 4439 582 4458 ·
607 4395 738 4471 master
764 4397 889 4470 Jamcs
915 4394 1082 4492 Lyndsay
1109 4393 1251 4492 provest
1281 4398 1322 4468 os
1345 4396 1626 4477 Glenclowdanc
1654 4414 1695 4474 ct

355 4520 467 4617 priwe
483 4511 547 4587 scil
563 4510 607 4584 til
625 4533 691 4583 our
712 4506 883 4583 souerane
907 4509 1009 4582 lorde
1026 4515 1071 4603 pc
1086 4510 1187 4606 kyng
1203 4507 1374 4604 Vilgame
1399 4511 1444 4582 of
1466 4509 1631 4585 Murrcfe
1656 4516 1698 4587 oi
