4088 5430
347 624 416 688 182
864 610 1169 685 REGISTRUM
1539 613 1691 708 [secum

347 815 453 885 Done
475 817 577 883 iuxta
594 814 733 882 sontem
751 814 857 883 beate
875 811 994 882 Marie
1013 852 1020 867 ·
1039 834 1148 902 quem
1166 812 1288 883 locum
1306 835 1370 905 per
1387 821 1506 883 totum
1525 837 1695 885 reueren-

347 929 414 998 dus
444 928 482 995 in
509 921 651 995 Christo
680 933 784 1017 pater
814 949 855 996 ac
886 926 1052 995 dominus
1081 948 1184 995 meus
1215 926 1382 996 domiuus
1408 924 1596 997 Gilbertus
1623 926 1695 997 Dei

347 1041 463 1133 gratia
480 1035 665 1130 episcopus
683 1033 949 1108 Aberdonensrs
974 1037 1168 1107 modernus
1185 1037 1274 1107 mihi
1292 1038 1337 1108 ad
1355 1036 1451 1108 huuc
1470 1035 1570 1108 vsum
1588 1037 1696 1109 liber-

348 1151 455 1221 aliter
471 1149 627 1220 coutulit
643 1189 650 1205 ·
666 1152 727 1241 qui
744 1147 801 1219 isti
821 1149 1003 1219 donationi
1023 1156 1061 1216 et
1078 1150 1295 1220 ordinationi
1313 1173 1394 1220 mee
1409 1150 1454 1219 de
1467 1147 1639 1221 consensu
1656 1161 1696 1220 et

350 1259 487 1333 assensu
517 1262 744 1331 dominorum
772 1262 897 1331 decani
924 1271 961 1331 et
987 1260 1138 1352 capituli
1165 1258 1313 1332 ecclesie
1338 1259 1400 1333 sue
1426 1259 1695 1333 Aberdonensrs

351 1385 493 1445 matura
517 1373 777 1443 deliberatione
802 1372 992 1465 prehabita
1013 1370 1114 1442 suam
1139 1375 1391 1444 austeritatem
1417 1370 1630 1465 interposuit
1656 1386 1695 1445 et

352 1481 550 1556 assensum·
571 1508 641 1576 quo
669 1484 748 1554 loco
776 1508 840 1576 per
867 1494 987 1554 totum
1014 1506 1096 1553 cum
1123 1485 1272 1555 edificiis
1298 1508 1394 1556 nunc
1421 1482 1631 1556 constmbtis
1656 1496 1695 1556 et

352 1594 598 1668 construendis
615 1596 810 1688 voloquod
829 1595 852 1665 J
855 1604 963 1666 oneta
981 1596 1026 1665 de
1045 1595 1210 1688 Lychton
1238 1599 1356 1689 neptis
1377 1621 1458 1668 mea
1474 1597 1631 1690 gaudeat
1649 1599 1696 1668 ad

352 1717 471 1779 totum
496 1719 640 1801 tempus
664 1710 738 1778 vite
765 1706 827 1779 sue
854 1730 936 1777 cum
965 1703 1137 1778 consensu
1162 1716 1200 1778 et
1226 1704 1360 1778 assensu
1385 1706 1593 1800 supradictis
1610 1747 1618 1764 ·
1636 1706 1697 1779 Ita

352 1830 476 1891 tamen
502 1820 597 1911 quod
623 1820 739 1891 dietus
766 1819 973 1912 capellanus
991 1842 1098 1890 vnam
1127 1843 1304 1890 cameram
1332 1821 1464 1891 habeat
1489 1822 1526 1891 in
1553 1823 1694 1912 quoad

353 1935 487 2003 dicum
505 1942 649 2025 tempus
666 1930 836 2024 hospitari
851 1931 969 2002 valeat
987 1940 1258 2024 competenter·
1275 1931 1319 2001 In
1336 1928 1580 2023 premissorum
1597 1929 1696 2003 testi-

353 2046 514 2116 monium
535 2041 760 2137 presentibus
786 2044 899 2114 literis
924 2045 962 2113 in
980 2044 1125 2114 archiuo
1152 2039 1300 2114 ecclesie
1318 2040 1586 2115 Aberdonensrs
1612 2068 1696 2115 con·

352 2153 535 2228 semendis
552 2152 708 2250 srgillum
725 2178 848 2225 meum
862 2178 932 2225 vua
950 2179 1032 2225 cum
1049 2151 1164 2249 sigillo
1182 2156 1267 2225 dicti
1285 2157 1420 2225 domini
1437 2158 1510 2226 mei
1530 2155 1695 2250 Episcopi

353 2281 392 2339 et
408 2270 591 2339 communi
609 2264 724 2362 sigillo
742 2267 889 2359 capituli
908 2263 1174 2337 Aberdouensrs
1192 2263 1245 2337 est
1262 2267 1457 2360 appensum
1474 2307 1482 2322 ·
1502 2268 1639 2339 Datum
1657 2272 1695 2339 in

354 2382 460 2450 domo
491 2376 610 2450 nostra
640 2379 829 2472 capitulari
860 2381 919 2450 dic
953 2378 1040 2448 lune
1073 2375 1152 2472 post
1183 2380 1399 2450 dominicam
1427 2403 1498 2471 qua
1527 2390 1696 2452 cantatur

354 2489 450 2584 quasi
485 2493 592 2562 modo
623 2493 739 2585 geniti
769 2490 910 2562 scilicet
939 2487 1070 2561 mensis
1100 2491 1237 2584 Aprilis
1263 2487 1430 2562 vicesimo
1455 2491 1610 2563 secundo
1635 2495 1696 2564 die

353 2628 447 2675 anno
466 2602 615 2674 Domini
633 2599 824 2673 millesimo
842 2600 1094 2674 trecentesimo
1111 2601 1340 2698 nonagesimo
1358 2601 1511 2675 secundo
1529 2644 1536 2659 ·

353 2828 430 2922 Ego
448 2827 636 2900 Gilbertus
654 2825 839 2919 episcopus
857 2823 1125 2898 Aberdonensrs
1143 2837 1181 2898 et
1199 2831 1392 2899 canonicus
1410 2827 1589 2901 subscribo
1607 2868 1615 2883 ·

353 2940 431 3034 Ego
450 2939 645 3012 Villelmus
663 2941 709 3010 de
727 2939 850 3033 Spyny
868 2941 1025 3012 decanus
1042 2937 1309 3011 Aberdonensrs
1326 2938 1503 3012 subscribo
1521 2980 1528 2995 ·

353 3052 432 3146 Ego
449 3051 633 3123 Robertus
651 3051 734 3121 Boil
752 3063 878 3123 cantor
895 3048 1161 3123 Aberdonensrs
1178 3050 1356 3124 subscribo
1373 3093 1380 3108 ·

354 3164 432 3259 Ego
449 3164 474 3235 J
476 3164 636 3235 ohannes
654 3165 699 3234 de
718 3163 926 3235 Drumbrek
944 3165 1176 3236 cancellarius
1193 3163 1370 3236 subscribo
1389 3208 1395 3222 ·

353 3278 431 3373 Ego
450 3276 646 3348 Villelmus
664 3277 709 3346 de
727 3274 928 3347 Armissruk
946 3274 1185 3349 thesaurarius
1202 3274 1381 3349 subscribo
1402 3321 1409 3335 ·

353 3390 402 3460 Et
420 3389 499 3483 Ego
515 3387 700 3459 lohannes
718 3388 989 3460 archidiaconus
1005 3388 1184 3461 subscribo
1202 3388 1385 3461 consentio
1405 3433 1412 3448 ·

352 3502 401 3573 Et
418 3501 498 3595 Ego
515 3501 670 3571 Thomas
688 3501 734 3570 de
752 3499 1056 3596 Quinnynghame
1073 3500 1257 3574 consentio
1275 3513 1313 3572 et
1330 3499 1508 3576 subscribo
1527 3547 1534 3562 ·

352 3615 402 3685 Et
420 3614 499 3708 Ego
516 3611 540 3682 J
542 3613 702 3683 ohannes
721 3610 864 3684 Forstar
888 3614 1143 3706 prebendarius
1160 3616 1206 3685 de
1224 3613 1339 3708 Owyn
1357 3612 1541 3688 consentio
1559 3628 1596 3689 et
1614 3619 1695 3692 sub-

350 3724 464 3797 scribo
483 3765 490 3780 ·

351 3839 401 3909 Et
419 3837 497 3931 Ego
515 3835 690 3908 Valterus
708 3833 852 3907 Fruster
877 3839 1133 3930 prebendarius
1150 3840 1196 3910 dc
1214 3837 1423 3912 Morthlaeh
1447 3841 1630 3914 consentio
1654 3858 1693 3915 et

351 3947 532 4021 subscribo
550 3987 557 4003 ·

352 4062 402 4132 Et
420 4060 498 4154 Ego
515 4061 670 4131 Thomas
687 4062 733 4130 dc
751 4061 931 4133 Edinham
951 4065 1142 4134 canonicus
1159 4062 1343 4136 consentio
1361 4075 1399 4137 et
1416 4063 1594 4140 subscribo
1613 4111 1621 4126 ·

350 4174 400 4244 Et
418 4171 497 4266 Ego
515 4172 696 4242 Robertus
714 4172 806 4266 Vyis
823 4176 1017 4245 canonicus
1035 4171 1219 4247 consentio
1238 4188 1276 4248 et
1293 4174 1471 4249 subscribo
1490 4219 1497 4234 ·

349 4285 399 4357 Et
418 4285 496 4378 Ego
514 4283 710 4356 Villelmus
730 4285 833 4379 Lang
849 4290 1042 4358 canonicus
1059 4286 1238 4360 subscribo
1256 4330 1264 4345 ·

349 4398 399 4470 Et
416 4398 494 4492 Ego
513 4394 723 4469 Alexander
740 4400 785 4469 de
803 4397 973 4493 Kynloch
992 4401 1186 4473 canonicus
1203 4400 1388 4475 consentio
1406 4413 1444 4474 et
1462 4403 1640 4478 subscribo
1658 4448 1665 4462 ·
