4088 5430
502 1928 674 2029 Decimo
691 1942 817 2032 quinto
835 1947 892 2018 die
909 1945 1039 2020 mensis
1056 1946 1081 2019 J
1084 1950 1146 2043 ulij
1165 1973 1260 2022 anno
1287 1950 1435 2028 Domini
1453 1957 1642 2032 millesimo
1663 1965 1846 2061 quingen·

500 2065 627 2140 tefimo
644 2055 721 2148 xiij⁰
739 2097 747 2113 ·
768 2055 905 2131 Eodem
924 2059 983 2133 die
999 2064 1128 2133 moniti
1146 2060 1229 2134 sunt
1242 2063 1453 2141 Alexander
1467 2070 1639 2166 Mertyne
1651 2071 1676 2144 J
1678 2076 1843 2151 ohannes

500 2179 644 2274 Couper
660 2173 872 2245 Willelmus
887 2169 972 2243 Joff
981 2182 1019 2244 et
1037 2173 1213 2246 Patricius
1238 2174 1388 2251 Henrici
1407 2190 1575 2255 tenentes
1593 2186 1637 2255 de
1656 2183 1843 2262 Wcsthall

385 2339 389 2347 -
499 2294 544 2364 ad
571 2288 781 2363 soluendum
812 2285 1005 2379 capellanis
1033 2287 1131 2357 chori
1154 2284 1303 2360 ecclesie
1329 2293 1543 2366 cathedralis
1570 2295 1843 2374 Aberdonensrs

499 2405 627 2500 viginti
662 2399 792 2472 solidos
825 2421 889 2490 pro
923 2421 1043 2469 annuo
1076 2399 1220 2469 redditu
1257 2405 1403 2475 termini
1442 2406 1668 2499 pentecostes
1709 2412 1843 2486 vltime

500 2513 618 2610 elapsa
644 2514 736 2585 infra
760 2511 821 2581 sex
847 2510 922 2581 dies
950 2505 1014 2580 sub
1040 2532 1134 2603 pena
1163 2517 1545 2589 excommunicationis
1579 2559 1587 2575 ·
1623 2519 1841 2596 Extrabtum

341 2649 345 2662 ·
499 2631 543 2700 de
561 2628 652 2699 libro
670 2627 830 2697 aiterum
848 2622 946 2693 curie
969 2617 1217 2694 consistorialis
1235 2623 1501 2700 Aberdonensis
1519 2654 1583 2724 per
1599 2654 1657 2705 1111
1674 2632 1843 2708 Alexan-

498 2743 602 2812 drum
621 2734 785 2918 Lausorlie
803 2732 952 2806 scribam
970 2734 1062 2805 dicte
1080 2736 1178 2806 curie
1195 2758 1258 2828 pro
1276 2746 1439 2832 tempore
1457 2738 1548 2814 teste
1566 2767 1647 2817 mea
1663 2743 1841 2842 subscrip.

497 2857 597 2925 tione
613 2873 745 2922 manua
760 2850 771 2917 i
790 2887 798 2903 ·

497 3162 626 3278 Copia
653 3179 830 3278 procellas
858 3182 1046 3252 erectionis
1071 3181 1220 3252 reitorie
1238 3182 1283 3252 de
1301 3179 1537 3277 Auchindoyr
1560 3188 1597 3256 in
1615 3186 1838 3280 prebendam

495 3303 540 3372 ad
557 3296 765 3372 instantiam
781 3294 919 3365 Thome
946 3292 1096 3386 Myrton
1120 3292 1359 3364 archidiaconi
1385 3295 1599 3368 cathedralis
1616 3296 1839 3392 rectorisque

494 3413 659 3506 perpetui
677 3403 824 3481 ecclesie
841 3404 1053 3498 parochialis
1071 3405 1115 3475 de
1129 3404 1364 3498 Auchindoyr
1381 3416 1490 3499 atque
1509 3409 1553 3480 de
1571 3405 1730 3503 expresso
1748 3435 1837 3483 con-

493 3521 595 3595 sensu
611 3522 739 3594 Jacobi
757 3520 876 3613 quinti
890 3518 1083 3590 Scotorum
1095 3518 1189 3612 regis
1206 3526 1245 3588 et
1262 3518 1307 3588 de
1325 3519 1483 3589 vnanimi
1497 3517 1632 3593 assensu
1647 3522 1835 3596 doitorum

493 3632 741 3730 magistrorum
759 3640 798 3703 et
814 3629 1003 3708 scolarium
1026 3628 1248 3720 aliorumque
1272 3625 1438 3699 interesse
1463 3629 1699 3703 habentium·
1719 3631 1836 3705 Edin-

494 3747 597 3842 burgi
616 3769 689 3817 xxv
709 3744 834 3836 Martij
853 3761 1022 3813 unxrrr.

495 4058 789 4154 lustramentum
807 4076 911 4171 super
928 4077 1073 4148 decreto
1091 4073 1238 4167 capituli
1256 4074 1294 4144 in
1313 4073 1423 4148 causa¹
1442 4087 1541 4149 mota
1558 4081 1653 4150 inter
1679 4082 1832 4158 vicarios

494 4188 643 4264 ecclesie
660 4189 874 4263 cathedralis
892 4199 930 4259 et
947 4184 1155 4282 magistrum
1173 4186 1405 4259 Willelmum
1428 4189 1584 4264 Rolland
1602 4195 1831 4288 capellanum

495 4305 540 4375 de
559 4300 738 4374 Westhall
756 4303 801 4372 de
819 4298 991 4372 seruanda
1016 4300 1267 4371 ebdomadaria
1284 4308 1322 4370 et
1340 4301 1385 4371 de
1411 4324 1603 4376 communa
1625 4308 1833 4384 anniuersa-

495 4416 628 4485 riorum
646 4425 684 4485 et
702 4412 941 4508 trigintalium
959 4407 1107 4482 ecclesie
1124 4411 1330 4504 recipienda
1346 4435 1411 4504 per
1427 4415 1582 4488 eundem
1597 4415 1832 4494 Willelmum

497 4525 651 4597 Bolland
671 4532 841 4618 pretextu
858 4521 920 4594 sue
937 4522 1158 4594 fundationis
1177 4564 1184 4579 ·
1205 4524 1238 4616 vj
1258 4522 1348 4616 Maij
1367 4544 1530 4596 11111111.
