4088 5430
344 638 415 704 980
860 627 1164 702 REGISTRUM
1530 629 1689 724 [sncunr

347 942 580 1015 Confirmatio
597 943 690 1036 regis
707 939 810 1033 super
827 941 952 1011 eadem
972 986 979 999 ·

346 1145 516 1241 Jacobus
530 1164 599 1236 Dei
616 1167 731 1260 gratia
747 1188 811 1235 rex
829 1162 1021 1236 Scotorum
1041 1207 1049 1222 ·
1069 1207 1076 1222 ·
1097 1207 1104 1222 ·
1124 1163 1255 1235 Sciatis
1272 1187 1337 1234 nos
1351 1165 1530 1256 quandam
1548 1173 1687 1235 cartam

348 1280 524 1351 Johannis
546 1277 630 1348 Clat
655 1278 815 1348 canonici
842 1272 991 1348 ecclesie
1016 1271 1283 1346 Aberdonensrs
1309 1277 1439 1348 factam
1458 1320 1465 1337 ·
1486 1321 1494 1336 ·
1513 1321 1521 1337 ·
1541 1276 1621 1347 Deo
1648 1288 1688 1346 et

348 1394 456 1464 beate
482 1390 600 1461 Marie
618 1389 761 1484 Virgini
791 1414 833 1460 ac
859 1390 919 1457 vni
951 1388 1135 1480 capellano
1167 1389 1290 1459 diuina
1315 1388 1512 1460 celebranti
1540 1433 1547 1449 ·
1576 1431 1584 1448 ·
1612 1432 1621 1448 ·
1650 1390 1686 1458 in

348 1499 497 1575 ecclesra
521 1501 716 1573 cathedrali
734 1496 982 1572 Aberdonensr
1001 1501 1046 1569 de
1064 1523 1134 1570 vno
1159 1523 1278 1570 annuo
1304 1501 1449 1572 redditu
1466 1498 1527 1572 sex
1550 1524 1688 1572 merca·

349 1639 430 1685 rum
449 1659 457 1673 ·
477 1657 485 1673 ·
504 1656 512 1673 ·
530 1613 757 1707 percipiendo
775 1612 820 1682 de
838 1613 943 1682 terris
961 1612 1006 1682 de
1025 1611 1252 1703 Auchlewyn
1273 1656 1280 1671 ·
1300 1655 1308 1671 ·
1328 1655 1336 1670 ·
1355 1636 1396 1683 ac
1414 1614 1459 1684 de
1477 1636 1548 1682 vno
1565 1635 1687 1683 annuo

349 1728 493 1798 redditu
509 1735 661 1818 quatuor
684 1747 882 1795 marcarum
909 1725 1095 1794 annuatim
1123 1724 1355 1816 percipiendo
1374 1767 1382 1782 ·
1403 1767 1410 1782 ·
1431 1768 1439 1783 ·
1458 1725 1502 1794 de
1520 1726 1624 1795 terris
1642 1725 1689 1793 de

351 1838 533 1930 Lethindy
553 1881 560 1897 ·
581 1881 588 1896 ·
608 1880 616 1896 ·
634 1837 834 1907 iacentibus
852 1838 888 1905 iu
908 1879 915 1894 ·
936 1879 944 1893 ·
964 1878 971 1893 ·
990 1836 1165 1906 comitatu
1183 1835 1229 1904 de
1243 1835 1433 1928 Garuyaclr
1454 1880 1461 1894 ·
1482 1879 1489 1894 ·
1510 1881 1517 1895 ·
1535 1836 1689 1930 diligen·

350 1963 407 2022 ter
422 1952 664 2022 examinatam
680 1993 687 2008 ·
703 1992 711 2007 ·
727 1991 735 2006 ·
750 1942 963 2018 intellexisse
980 1946 1044 2016 sub
1061 1947 1128 2016 hac
1146 1948 1260 2017 forma
1274 1990 1282 2005 ·
1298 1990 1305 2005 ·
1322 1947 1484 2018 ·Volens
1499 1991 1506 2006 ·
1522 1991 1530 2006 ·
1546 1990 1553 2005 ·
1567 1944 1688 2018 sancte

349 2065 473 2134 matris
498 2057 646 2133 ecclesie
672 2060 810 2131 cultum
836 2058 1008 2151 ampliare
1036 2058 1111 2152 [etc.
1137 2058 1296 2153 utsupra
1316 2084 1352 2154 p.
1372 2066 1454 2142 279,
1477 2059 1556 2130 duta
1577 2068 1688 2130 tomen

349 2177 383 2247 io
399 2174 454 2247 die
470 2168 837 2267 Mortr'jm.cccc.nv.]
863 2171 981 2255 Quam
1006 2171 1149 2261 quidem
1177 2181 1312 2242 cartam
1330 2195 1372 2242 ac
1390 2173 1622 2242 donationem
1649 2183 1689 2242 et

349 2282 607 2359 conceflionem
626 2329 634 2344 ·
654 2329 661 2344 ·
682 2328 690 2342 ·
708 2287 745 2353 iu
762 2284 929 2353 omnibus
946 2292 984 2352 et
1002 2305 1066 2374 per
1082 2284 1203 2353 omnia
1226 2325 1233 2340 ·
1258 2327 1266 2341 ·
1289 2326 1297 2341 ·
1316 2283 1568 2354 confirmamus
1593 2284 1689 2354 dioto

350 2409 473 2470 tamen
498 2397 682 2491 capellano
700 2397 762 2487 qui
783 2418 846 2488 pro
864 2404 1027 2486 tempore
1052 2394 1160 2464 fuerit
1179 2394 1334 2464 faciente
1355 2417 1419 2487 pro
1436 2395 1538 2465 nobis
1556 2404 1594 2465 et
1611 2391 1690 2466 suc-

350 2508 538 2582 celloribus
564 2507 692 2579 nostris
718 2509 920 2578 orationum
944 2503 1107 2600 suffragia
1125 2506 1337 2576 denotarum
1358 2549 1365 2564 ·
1385 2549 1393 2564 ·
1413 2549 1421 2564 ·
1439 2503 1604 2576 Testibue
1623 2550 1631 2566 ·
1652 2550 1659 2566 ·
1681 2550 1689 2566 ·

351 2624 508 2718 Georgio
533 2619 696 2716 episcopo
720 2613 950 2690 Brechinensr
975 2616 1194 2687 ···Th0ma
1219 2617 1364 2687 domino
1389 2614 1527 2710 Erlkyn
1546 2660 1554 2676 ·
1573 2616 1691 2688 Alex-

350 2737 460 2808 andro
486 2736 631 2805 domino
656 2731 926 2826 Montgomeric
945 2771 953 2788 ·
973 2727 1128 2799 Patricio
1152 2730 1297 2798 domino
1319 2728 1505 2801 Glammes
1524 2773 1531 2788 ·
1549 2729 1690 2801 Jacobo

351 2850 494 2919 domino
514 2845 752 2938 Hammylton
771 2886 779 2901 ·
798 2853 835 2914 et
854 2837 1021 2936 magistro
1040 2839 1194 2911 Ricardo
1214 2840 1242 2909 F
1244 2837 1364 2911 orbell
1373 2839 1573 2913 nostrorum
1591 2865 1691 2912 com-

350 2972 518 3056 putorum
545 2958 743 3028 rotulatore
761 2999 768 3014 ·
788 2954 898 3048 Apud
920 2952 1114 3023 Aberdenc
1132 2953 1191 3043 viij
1211 2953 1269 3022 die
1291 2948 1421 3024 menfis
1443 2954 1568 3046 Martij
1592 2975 1691 3025 anno

221 3101 227 3110 ·
351 3072 498 3144 Domini
516 3065 768 3163 m.cccc.nv[1]
789 3077 826 3139 et
843 3067 945 3161 regni
962 3062 1072 3135 nostri
1090 3088 1140 3135 xx
1158 3101 1166 3119 ·

352 3410 532 3482 Fundatio
550 3407 748 3501 capellanie
765 3429 829 3499 per
845 3404 869 3475 J
872 3406 1049 3475 ohannem
1068 3403 1151 3475 Clat
1168 3440 1176 3457 ·

350 3612 384 3708 J
387 3637 545 3706 ohannen
567 3632 612 3703 (le
633 3629 716 3702 Clat
743 3631 934 3701 canonicus
956 3622 1221 3699 Aberdonenlis
1239 3664 1247 3683 ·
1268 3665 1277 3682 ·
1298 3665 1306 3682 ·
1326 3628 1449 3700 volens
1471 3669 1479 3685 ·
1506 3669 1513 3684 ·
1537 3666 1544 3683 ·
1569 3627 1690 3701 lentie

352 3749 475 3818 matris
493 3740 640 3816 ecclelie
657 3742 796 3814 cultum
815 3741 986 3834 ampliare
1004 3762 1114 3808 vnum
1133 3762 1293 3810 annuum
1320 3742 1499 3811 redditum
1518 3742 1578 3812 sex
1597 3765 1690 3813 mar-

352 3881 472 3930 carum
491 3895 499 3910 ·
518 3897 525 3913 ·
545 3897 553 3912 ·
573 3856 618 3927 de
635 3856 740 3925 terris
757 3855 802 3924 de
816 3852 850 3924 le
865 3851 1053 3922 Deruentio
1067 3849 1193 3944 Gawyl
1212 3852 1412 3923 iacentibus
1428 3855 1522 3924 inira
1534 3855 1689 3948 burgum

353 3971 398 4041 de
409 3968 581 4039 Aberden
598 3968 634 4037 in
647 3968 705 4037 via
717 3965 899 4061 wlgariter
916 3965 1010 4033 dicta
1027 3962 1061 4032 le
1080 3962 1274 4058 Gallovgat
1292 3966 1387 4034 inter
1404 3976 1537 4037 terram
1553 3966 1691 4037 Johan-

351 4082 407 4153 nis
425 4078 576 4150 Henrici
604 4076 676 4148 fine
702 4086 953 4147 tenementum
972 4084 1137 4167 exparte
1162 4075 1288 4145 boriali
1307 4084 1345 4146 et
1363 4078 1456 4147 viam
1483 4079 1618 4172 regiam
1642 4101 1690 4150 ex

352 4188 496 4264 australi
513 4200 551 4260 et
569 4189 782 4261 occidentali
808 4189 970 4282 partibus
996 4195 1034 4256 et
1060 4198 1192 4257 terram
1209 4185 1386 4258 Johannis
1403 4186 1586 4282 Howyson
1615 4187 1690 4261 siue

352 4313 602 4375 tenementum
617 4324 662 4371 ex
676 4299 866 4371 horientali
879 4309 981 4393 parte
994 4336 1003 4353 ·
1016 4307 1054 4369 et
1068 4321 1179 4368 vnunr
1193 4321 1353 4369 annuum
1366 4301 1546 4371 redditum
1561 4303 1689 4396 viginti

352 4414 544 4486 solidorum
569 4414 754 4483 annuatim
774 4413 819 4482 de
836 4412 940 4481 terris
958 4409 1126 4481 Duncani
1144 4411 1189 4480 de
1206 4409 1290 4482 clat
1307 4433 1415 4503 quam
1433 4413 1613 4483 inhabitat
1630 4413 1689 4484 die

353 4529 437 4599 date
454 4522 673 4619 presentium
686 4523 801 4594 dicus
813 4522 1013 4597 Duncanus
1030 4532 1068 4595 et
1085 4524 1255 4616 precipue
1269 4523 1313 4594 de
1328 4532 1423 4596 terra
1439 4523 1501 4595 sua
1518 4526 1689 4596 anteriori
