4088 5430
412 612 482 685 166
930 602 1236 679 REGISTRUM
1603 603 1759 701 [saeuas

410 809 595 882 Johannes
622 807 666 878 de
693 805 908 878 Molendino
925 844 934 861 ·
952 804 1138 877 Johanues
1161 804 1207 876 de
1225 803 1419 876 Dovrnach
1437 843 1445 862 ·
1464 802 1650 877 Johannes
1672 804 1759 878 Fre-

334 895 351 933 ⁰
412 922 499 992 luke
513 961 521 978 ·
536 919 657 991 Adam
672 918 770 1013 Gray
783 957 791 976 ·
806 918 1018 990 Willelmus
1033 917 1165 1011 Mykyl
1183 958 1191 975 ·
1210 912 1267 987 isti
1285 939 1411 988 omnes
1428 915 1511 988 sunt
1529 916 1575 988 de
1591 917 1759 1012 parochia

413 1033 458 1104 de
477 1032 578 1127 Fyvy
595 1032 640 1103 de
658 1031 817 1102 dominio
835 1031 880 1102 de
895 1030 1108 1124 Fermartyn
1125 1052 1209 1102 cum
1226 1030 1356 1122 quibus
1373 1032 1575 1124 comparuit
1592 1031 1759 1101 dominus

381 1156 400 1193 *
413 1141 600 1238 Crystinus
618 1144 823 1236 capellanus
841 1143 886 1214 de
901 1142 1001 1236 Fyvy
1015 1144 1060 1213 de
1077 1165 1171 1214 auno
1188 1143 1362 1236 preterito
1375 1149 1413 1212 et
1427 1142 1538 1213 etiam
1555 1138 1758 1214 husbandos

413 1257 459 1328 de
472 1257 708 1349 Fermartyne
724 1293 733 1311 ·
752 1254 955 1347 Sequentes
972 1277 1057 1325 vero
1073 1253 1158 1324 sunt
1176 1253 1221 1324 de
1238 1253 1406 1347 parochia
1422 1253 1468 1325 de
1480 1253 1622 1325 Tarwas
1640 1263 1679 1325 et
1696 1255 1759 1325 do-

412 1371 525 1440 minio
543 1368 588 1440 de
606 1368 841 1463 Fermartyne
857 1406 866 1423 ·
884 1368 1046 1461 inprimis
1064 1365 1275 1437 Willelmus
1298 1367 1343 1436 de
1361 1365 1552 1437 Dumbrek
1569 1404 1577 1421 ·
1596 1365 1759 1439 Michael

413 1482 459 1553 de
475 1480 694 1552 Tubirthach
714 1520 722 1537 ·
742 1479 941 1552 Duncanus
966 1480 1061 1550 filius
1079 1476 1256 1549 Johannis
1272 1515 1281 1533 ·
1299 1477 1487 1550 Gilbertus
1504 1478 1549 1549 de
1565 1477 1756 1573 Tulgone·

413 1591 535 1665 Adam
552 1593 674 1665 Halde
691 1634 699 1651 ·
719 1589 903 1687 Angufius
922 1592 1064 1663 Faber·
1083 1589 1295 1661 Willelmus
1322 1589 1411 1662 Seot
1428 1631 1437 1648 ·
1456 1589 1638 1662 Robertus
1662 1591 1758 1663 filius

414 1705 494 1800 Ego
520 1747 528 1763 ·
552 1706 735 1777 Robertus
761 1705 856 1776 filius
882 1699 1027 1775 Oristini
1052 1701 1291 1773 ·Willelmus
1313 1702 1408 1773 filius
1431 1702 1608 1775 Johannis
1626 1743 1635 1761 ·
1653 1700 1760 1799 super

414 1818 544 1912 quibus
569 1819 736 1889 omnibus
762 1817 858 1889 idem
885 1813 1069 1909 episeopus
1094 1815 1201 1906 petiit
1225 1809 1506 1885 instrumentum
1531 1813 1715 1908 publicum
1737 1838 1759 1887 a

413 1925 589 2024 magistris
604 1929 793 2001 Willelmo
812 1928 857 2000 de
871 1927 994 2021 Spyny
1008 1935 1046 1997 et
1059 1924 1248 1996 Willelmo
1263 1924 1423 1997 Gerland
1440 1928 1588 1998 notariis
1605 1927 1759 2020 publicis

414 2050 452 2112 et
470 2041 632 2133 quolibet
657 2043 854 2113 eorundem
872 2049 910 2112 et
927 2036 992 2132 ipfi
1018 2038 1194 2132 predictos
1218 2038 1381 2109 dominos
1398 2039 1435 2109 in
1452 2035 1563 2111 testes
1588 2063 1759 2132 prouoca-

413 2161 572 2224 uerunt·

413 2264 552 2348 Quinto
579 2267 718 2336 decimo
743 2287 827 2335 vero
854 2263 912 2334 die
938 2260 1096 2333 eiusdem
1122 2258 1253 2333 menfis
1276 2270 1315 2332 et
1339 2263 1426 2334 anni
1452 2262 1633 2335 Robertus
1663 2264 1758 2336 filius

413 2374 492 2470 Ego
507 2417 515 2433 ·
531 2376 652 2447 Adam
670 2376 792 2446 Halde
809 2416 817 2432 ·
837 2371 1021 2468 Angustus
1039 2373 1176 2444 Faber·
1192 2385 1230 2444 et
1245 2372 1456 2445 Willelmus
1473 2375 1568 2447 filins
1581 2376 1757 2448 Johannis

412 2489 618 2580 parochiani
637 2488 681 2557 de
694 2487 836 2558 Tarwas
855 2527 863 2543 ·
882 2495 920 2557 et
934 2485 1145 2556 Willelmns
1163 2485 1266 2556 Rede
1283 2487 1518 2578 parochianus
1535 2489 1580 2559 de
1595 2488 1696 2583 Fyvy
1712 2489 1758 2561 de

413 2601 572 2671 dominio
598 2602 643 2670 do
667 2599 881 2692 Fermartyn
907 2599 1094 2669 venientes
1119 2597 1215 2690 apud
1242 2597 1435 2670 Fethirner
1459 2603 1695 2692 optinuerunt
1721 2599 1758 2673 se

412 2711 548 2784 absolui
565 2736 630 2807 per
647 2713 782 2782 ditium
801 2711 986 2783 dominum
1004 2709 1210 2804 episcopum
1236 2711 1344 2782 modo
1362 2721 1400 2783 et
1418 2712 1533 2783 forma
1550 2715 1680 2805 quibus
1696 2714 1757 2809 alij

410 2820 572 2918 superius
589 2824 752 2897 annotati
772 2863 780 2880 ·

413 3159 633 3255 Preceptum
649 3159 778 3232 Jacobi
801 3161 846 3230 de
865 3155 1052 3253 Lyndesay
1070 3159 1116 3230 de
1132 3157 1305 3230 soluendo
1331 3156 1503 3233 secundas
1530 3161 1686 3235 decimas
1711 3163 1757 3235 de

413 3271 626 3366 Fermartyn
644 3310 652 3327 ·

410 3473 445 3571 J
447 3498 579 3569 acobus
597 3498 642 3567 de
661 3491 848 3589 Lyndesay
866 3496 1032 3566 dominus
1050 3495 1095 3564 de
1113 3493 1397 3566 Crawfordemor
1414 3506 1452 3567 et
1470 3496 1514 3568 de
1533 3496 1757 3572 Feimartine

411 3610 545 3681 balliuo
575 3605 695 3678 nostro
722 3609 782 3698 qui
812 3632 876 3701 pro
902 3617 1065 3700 tempore
1091 3607 1200 3677 finerit
1226 3631 1268 3678 ac
1293 3607 1372 3679 aliis
1396 3605 1566 3680 ministris
1591 3606 1651 3681 seu
1678 3610 1780 3684 aliis'

412 3717 681 3812 quibuscunque
707 3718 826 3789 firmas
853 3717 989 3789 nostras
1010 3719 1055 3788 de
1073 3718 1287 3813 Fermartyn
1313 3721 1529 3794 debentibus
1546 3723 1605 3794 vel
1631 3726 1757 3819 recipi·

412 3830 557 3902 entibus
573 3828 725 3901 salutem
741 3869 749 3888 ·
764 3829 881 3902 Vobis
899 3839 937 3900 et
955 3827 1112 3901 vestrum
1130 3830 1280 3902 cuilibet
1297 3834 1526 3926 precipiendo
1543 3836 1756 3908 mandamus

412 3944 581 4034 quatinus
599 3964 724 4012 omnes
742 3941 900 4013 decimas
917 3942 1100 4013 firmarum
1118 3940 1317 4014 nostrarum
1335 3955 1510 4016 terrarum
1529 3947 1574 4017 de
1593 3946 1757 4020 Fermar·

412 4063 476 4148 tyn
502 4054 701 4124 reuerendo
728 4056 765 4123 in
791 4050 934 4124 Christo
959 4056 1053 4146 patri
1080 4055 1225 4125 domino
1246 4054 1329 4126 Ade
1352 4055 1423 4127 Dei
1450 4059 1565 4151 gratia
1590 4057 1755 4154 episcopo

410 4161 660 4237 Aberdononfi
679 4174 717 4235 et
734 4161 883 4235 ecclesie
897 4162 1145 4237 Aberdonenfi
1163 4164 1223 4237 seu
1240 4165 1311 4238 suis
1328 4165 1498 4240 ministris
1516 4171 1561 4240 de
1578 4180 1699 4242 cetero
1717 4174 1754 4243 in

409 4285 626 4373 perpetuum
644 4284 682 4345 et
700 4271 775 4346 fine
793 4279 1007 4369 exceptione
1024 4276 1106 4347 dolo
1124 4279 1182 4350 vel
1200 4280 1326 4351 fraude
1342 4281 1387 4351 ad
1406 4283 1578 4352 terminos
1603 4284 1755 4377 penthe-

409 4386 525 4461 costes
556 4395 594 4457 et
620 4385 730 4458 santii
757 4389 902 4458 martini
928 4388 1083 4461 fideliter
1112 4389 1323 4483 persoluatis
1348 4389 1410 4463 seu
1435 4391 1588 4486 persolui
1614 4396 1754 4468 faciatis

407 4523 481 4574 non
505 4494 671 4570 obstante
689 4520 905 4592 quocunque
930 4501 1101 4573 mandato
1118 4525 1140 4574 a
1156 4504 1261 4574 nobis
1277 4502 1324 4575 de
1341 4515 1461 4576 cetero
1479 4506 1517 4577 in
1534 4509 1752 4580 contrarium
