4088 5430
424 608 471 679 26
938 598 1241 674 REGISTRUM
1603 597 1755 694 [sucum

423 825 487 895 pro
511 801 675 895 portione
692 797 754 872 sua
769 800 1033 893 imperpetuum
1057 795 1349 891 respondebunt·
1368 795 1475 869 Hanc
1492 804 1614 868 autem
1639 795 1757 869 nostre

424 912 658 983 ordinationis
674 907 890 982 sententiam
907 911 1117 982 austoritate
1135 908 1269 981 domini
1284 909 1382 1003 Pape
1399 909 1502 980 nobis
1519 910 1557 979 in
1574 910 1641 981 bac
1658 920 1758 1002 parte

424 1020 605 1096 commissa
635 1022 892 1094 inuiolabiliter
920 1018 1107 1093 statuimus
1137 1017 1393 1093 obseruandum
1417 1059 1426 1077 ·
1451 1017 1633 1092 reseruata
1656 1021 1759 1092 nobis

425 1131 600 1230 potestate
623 1136 729 1228 hujus
751 1135 984 1207 ordinationis
1006 1130 1125 1205 nostre
1149 1142 1188 1205 et
1213 1130 1392 1205 sententie
1421 1129 1667 1205 molestatores
1696 1156 1759 1226 per

425 1245 608 1320 censuram
626 1242 895 1319 ecclesiasticam
912 1248 1175 1340 imperpetuum
1192 1246 1426 1317 cohercendi·
1442 1244 1487 1316 In
1504 1247 1606 1318 cuius
1622 1247 1673 1317 rei
1690 1242 1760 1316 tes·

426 1360 616 1431 timonium
635 1356 778 1452 presens
798 1357 967 1451 scriptum
992 1355 1187 1452 sigillorum
1212 1354 1411 1428 nostrorum
1436 1360 1635 1430 munimine
1652 1358 1759 1452 digne

426 1473 593 1543 duximus
605 1472 760 1542 roborari
771 1509 779 1526 ·
791 1470 896 1541 Nulli
910 1493 993 1564 ergo
1007 1470 1153 1540 omniuo
1165 1470 1352 1540 hominum
1364 1470 1472 1541 liceat
1488 1470 1581 1542 hanc
1593 1471 1759 1564 paginam

426 1579 549 1654 nostre
561 1583 837 1655 confirmationis
853 1582 1046 1676 infringere
1063 1581 1124 1652 uel
1142 1582 1174 1652 ei
1192 1578 1278 1652 ausu
1295 1583 1485 1652 temerario
1503 1584 1678 1653 contraire
1696 1620 1705 1637 ·
1719 1580 1759 1651 Si

427 1695 504 1788 quis
521 1702 643 1766 autem
664 1696 733 1765 hoc
750 1703 966 1786 attemptare
986 1689 1236 1786 presumpserit
1257 1693 1541 1787 indignationem
1559 1692 1630 1765 Dei
1647 1696 1761 1765 omni·

427 1806 585 1899 potentis
611 1814 648 1877 et
672 1806 859 1877 beatorum
877 1804 976 1876 Petri
1002 1815 1040 1877 et
1063 1806 1166 1879 Pauli
1192 1804 1430 1901 apostolorum
1456 1809 1532 1879 eius
1557 1805 1593 1879 se
1618 1809 1760 1879 nouerit

426 1916 647 1990 incursurum
663 1955 672 1973 ·
691 1916 828 1988 Datum
846 1917 961 1988 Rome
987 1919 1081 2012 apud
1105 1916 1265 1991 anctum
1284 1918 1434 1991 Petrum
1452 1918 1577 1991 Idibus
1594 1918 1760 2017 Septem-

426 2030 497 2101 bris
515 2029 743 2123 pontisioatus
760 2026 869 2100 nostri
887 2052 981 2100 anno
999 2032 1106 2102 tertio
1125 2072 1134 2087 ·

428 2360 644 2458 Compositio
661 2361 765 2457 super
783 2373 877 2436 terra
893 2365 938 2435 de
954 2364 1157 2458 Threpland
1176 2409 1184 2423 ·

428 2561 554 2661 Anno
582 2587 729 2659 Domini
754 2583 941 2658 millefimo
965 2629 973 2643 ·
996 2595 1071 2659 cc¹¹²⁰
1092 2627 1100 2643 ·
1123 2589 1165 2659 l·
1188 2612 1283 2659 nono
1304 2628 1313 2645 ·
1335 2591 1393 2661 die
1419 2590 1541 2663 Sanbti
1564 2591 1663 2663 Petri
1688 2594 1733 2665 ad
1752 2633 1759 2649 ·

429 2700 572 2774 vincula
602 2739 610 2757 ·
641 2698 735 2770 Cum
770 2693 855 2770 esset
889 2708 968 2771 orta
1000 2702 1185 2772 contentio
1219 2702 1315 2773 inter
1348 2704 1588 2776 venerabilem
1622 2715 1760 2798 patrem

429 2814 623 2886 Ricardum
649 2809 719 2882 Dei
744 2811 860 2905 gratia
888 2809 1091 2905 episcopum
1116 2811 1411 2885 Aberdoneusem
1439 2824 1478 2887 et
1508 2815 1666 2887 eiusdem
1691 2817 1760 2887 loci

427 2924 624 3019 capitulum
651 2946 696 2994 ex
722 2932 825 3015 parte
842 2945 912 2994 vna
932 2932 970 2994 et
992 2920 1173 3017 religiosos
1189 2925 1282 2996 viros
1298 2923 1472 2998 Thomam
1497 2928 1622 2999 eadem
1647 2930 1762 3022 gratia

427 3037 594 3109 abbatem
612 3035 657 3106 de
675 3033 852 3105 Lundoris
873 3044 911 3105 et
932 3032 1089 3106 eiusdem
1116 3035 1185 3106 loci
1210 3046 1429 3109 conuentum
1453 3062 1499 3110 ex
1523 3038 1635 3111 altera
1660 3037 1762 3132 super

428 3149 580 3242 quadam
606 3156 789 3238 terraque
811 3146 996 3216 dicebatur
1020 3146 1210 3240 threpland
1236 3148 1330 3218 inter
1355 3159 1487 3220 terram
1508 3150 1553 3221 de
1570 3149 1762 3244 Bondyng·

428 3272 491 3333 ton
517 3283 587 3353 que
613 3255 665 3330 est
690 3259 776 3328 dibti
805 3254 958 3350 episcopi
983 3265 1022 3328 et
1047 3266 1179 3329 terram
1209 3258 1254 3329 de
1280 3258 1439 3331 Newton
1469 3283 1540 3352 que
1569 3258 1621 3332 est
1651 3260 1763 3334 disto·

428 3397 508 3445 rum
540 3371 680 3444 abbatis
710 3378 748 3441 et
778 3378 979 3440 conuentus
1008 3378 1047 3439 et
1075 3370 1203 3461 incipit
1231 3370 1276 3441 ad
1305 3372 1439 3441 uadum
1466 3371 1638 3465 Geythyn
1667 3374 1762 3465 qnod

429 3482 481 3554 est
507 3506 553 3554 ex
577 3491 678 3575 parte
703 3479 916 3553 occidentali
935 3481 980 3550 de
997 3479 1239 3574 Bondyngton
1265 3491 1303 3551 et
1328 3483 1494 3554 extendit
1515 3481 1551 3554 se
1572 3484 1762 3555 abeodem

428 3596 518 3667 vado
548 3617 612 3687 per
640 3593 795 3666 eundem
824 3592 981 3662 riuulum
1011 3591 1056 3662 de
1086 3591 1233 3686 Gethyn
1259 3591 1378 3664 versus
1411 3594 1556 3666 boream
1585 3593 1695 3688 usque
1725 3599 1762 3667 in

429 3707 607 3799 quendam
636 3727 806 3799 magnum
836 3698 971 3774 srchum
997 3705 1058 3795 qui
1084 3703 1215 3774 dicitur
1240 3703 1412 3777 Fulleche
1442 3718 1479 3777 et
1509 3730 1573 3799 per
1606 3709 1762 3779 eundem

429 3814 563 3890 srchum
587 3816 807 3888 as'cendendo
824 3812 943 3886 versus
968 3816 1190 3887 occidentem
1216 3815 1327 3909 nsque
1348 3818 1393 3889 ad
1410 3820 1589 3911 quendam
1614 3831 1762 3912 pontem

429 3933 487 4023 qui
515 3926 567 4000 est
588 3928 681 3999 vltra
704 3929 858 3998 eundem
884 3922 1019 3997 fichum
1041 3925 1159 3997 versus
1181 3927 1357 4000 Neutoun
1383 3942 1421 4001 et
1442 3926 1490 4001 sro
1512 3927 1694 4002 descendit
1717 3933 1762 4003 ab

429 4043 555 4113 eodem
581 4049 691 4132 ponte
714 4063 779 4132 per
803 4039 958 4109 eundem
974 4032 1108 4109 srchum
1133 4040 1170 4109 in
1196 4041 1348 4112 circuitu
1366 4037 1475 4133 usque
1501 4043 1538 4111 in
1564 4041 1762 4134 prediorum

429 4154 559 4225 vadum
577 4152 621 4222 de
639 4149 785 4244 Gethyn
802 4187 811 4205 ·
827 4148 987 4221 Tandem
1012 4151 1253 4223 mediantibus
1278 4153 1397 4245 probis
1414 4153 1619 4225 hominibus
1642 4153 1763 4225 huius-

428 4265 522 4336 modi
542 4256 778 4334 controversra
802 4284 865 4354 pro
889 4261 982 4332 bono
1005 4264 1102 4354 pacis
1118 4273 1157 4335 et
1173 4260 1354 4356 vtriusque
1380 4260 1527 4336 ecclesie
1545 4264 1703 4336 utilitate
1725 4268 1762 4335 in

427 4379 523 4449 bunc
540 4375 685 4446 modum
703 4374 909 4465 conquieuit
926 4411 934 4428 ·
952 4373 1120 4445 videlicet
1137 4375 1232 4467 quod
1249 4375 1374 4446 eadem
1391 4383 1488 4447 terra
1503 4378 1637 4468 partita
1653 4377 1762 4448 fuerit

428 4494 522 4563 inter
545 4496 664 4582 partes
689 4509 753 4578 per
777 4485 936 4555 medium
962 4495 1001 4556 et
1025 4509 1088 4578 per
1113 4496 1228 4559 certas
1258 4483 1386 4559 diuisas
1412 4489 1538 4560 eodem
1568 4490 1627 4560 die
1653 4489 1762 4559 fusas
