4088 5430
348 615 416 683 108
860 601 1162 677 reuisurum
1528 603 1679 701 [111111

346 919 457 991 Carta
481 915 634 1010 episcopi
659 925 698 988 et
722 915 870 1010 capituli
900 910 1049 986 ecclesie
1074 909 1341 986 Aberdonensrs
1365 911 1470 1007 super
1493 916 1681 988 excambio

346 1040 441 1102 terre
458 1029 504 1100 da
520 1053 631 1123 paruo
648 1024 876 1122 Badochayse
893 1050 956 1120 pro
974 1025 1180 1096 molendino
1199 1025 1244 1097 de
1262 1024 1472 1097 Foletbrule
1489 1063 1498 1081 ·

348 1223 547 1326 Vniuersrs
573 1253 692 1326 sande
720 1254 844 1325 matris
872 1248 1019 1324 ecclesie
1045 1247 1129 1320 liliis
1160 1248 1206 1320 ad
1231 1271 1320 1341 quos
1349 1245 1531 1342 presentes
1561 1249 1682 1321 littere

347 1367 578 1463 peruenerint
602 1364 812 1437 Alexander
840 1358 1065 1458 permissione
1095 1362 1218 1433 diuina
1243 1356 1391 1433 ecclesie
1416 1357 1682 1433 Aberdonensrs

348 1475 509 1549 minister
523 1476 669 1548 humilis
685 1477 840 1548 decenus
857 1485 895 1546 et
912 1473 1112 1567 capitulum
1129 1469 1288 1544 eiusdem
1306 1470 1456 1544 salutem
1473 1475 1512 1543 in
1526 1471 1683 1544 Domino

348 1586 624 1681 sempiternam·
642 1587 799 1659 Nouerit
817 1582 1027 1658 vniuersrtas
1044 1581 1161 1657 vestra
1182 1607 1248 1655 nos
1265 1608 1309 1656 ex
1328 1586 1487 1656 vnanimi
1511 1582 1683 1657 consensu

349 1710 387 1773 et
404 1695 538 1772 assensu
559 1697 677 1771 nostro
693 1696 840 1793 pensata
857 1708 895 1770 et
912 1697 1106 1792 diligenter
1121 1693 1375 1790 circumspecta
1391 1696 1549 1769 vtilitate
1565 1694 1684 1769 nostra

350 1821 388 1884 et
405 1808 551 1884 ecclesie
576 1813 755 1884 antedide
782 1812 904 1883 habito
929 1811 1027 1902 prius
1053 1806 1157 1902 super
1180 1808 1250 1880 boc
1266 1810 1449 1881 communi
1473 1812 1629 1882 caestu
1644 1824 1684 1882 et

349 1921 522 2017 solempni
539 1920 669 1995 dedisse
686 1919 886 1995 concessisse
902 1932 940 1993 ct
956 1922 1024 1993 bac
1041 1919 1197 2014 presenti
1214 1929 1313 1991 carta
1329 1917 1449 1993 nostra
1464 1919 1685 1994 confirmasse

350 2036 479 2108 dilecto
496 2046 535 2108 et
551 2033 692 2128 speciali
719 2033 838 2106 nostro
854 2034 938 2106 Ade
957 2030 1101 2128 Pyngill
1126 2032 1220 2124 patri
1244 2028 1409 2127 burgensi
1428 2033 1473 2105 de
1489 2033 1684 2106 Aberdenc

349 2159 464 2221 totam
498 2158 630 2220 terram
664 2145 820 2218 nostram
855 2139 1129 2218 ecclesiasticam
1163 2143 1208 2214 de
1241 2166 1352 2236 parua
1385 2143 1613 2239 Badocbayse
1645 2149 1683 2218 in

348 2258 472 2354 schyrc
496 2261 541 2331 de
564 2257 668 2331 Rane
694 2259 787 2329 inira
809 2258 1101 2329 vicecomitatum
1128 2255 1173 2326 de
1189 2253 1384 2327 Aberdene
1411 2279 1494 2327 cum
1519 2259 1684 2331 omnibus

349 2372 420 2445 liris
453 2372 680 2465 pertinentiis
712 2369 1030 2442 commoditatibus
1060 2375 1098 2439 et
1127 2360 1353 2460 aysiamentis
1382 2366 1683 2462 quibuscunque·

350 2484 556 2555 Tenendum
577 2493 615 2553 et
638 2483 836 2555 habendam
861 2482 1019 2574 predisto
1037 2478 1120 2551 Ado
1145 2479 1336 2551 heredibus
1362 2477 1433 2552 suis
1449 2491 1488 2552 et
1504 2477 1686 2578 assignatis

351 2597 515 2668 danobis
532 2590 679 2667 ecclesia
705 2590 823 2665 nostra
845 2594 1025 2665 antedibta
1041 2601 1080 2662 et
1097 2587 1347 2662 successoribus
1371 2588 1498 2665 nostris
1523 2594 1561 2664 in
1579 2595 1684 2665 feodo

351 2718 388 2779 et
405 2708 605 2779 hereditate
621 2729 685 2799 per
701 2729 825 2777 omnes
842 2706 955 2777 redas
975 2712 1091 2774 metas
1107 2700 1187 2774 suas
1204 2704 1242 2773 in
1259 2709 1338 2775 toto
1354 2700 1417 2776 sua
1433 2705 1555 2778 debita
1571 2705 1686 2801 longi-

352 2808 478 2892 tudine
495 2830 534 2891 et
555 2818 748 2890 latitudine
775 2820 813 2889 in
838 2814 951 2890 boscis
974 2831 1013 2886 et
1038 2814 1154 2908 planis
1178 2815 1289 2908 pratis
1314 2813 1450 2908 pascuis
1472 2827 1511 2889 et
1535 2814 1685 2911 pasturis

351 2955 432 3003 cum
450 2931 563 3003 libera
586 2929 745 3002 multura
760 2925 835 3001 sine
852 2930 971 3021 aliqua
996 2927 1226 2998 reuocatione
1248 2924 1357 2997 nostri
1376 2927 1432 2999 vel
1449 2925 1683 3002 suceessorum

351 3040 551 3114 nostrorum
579 3042 689 3114 libere
716 3043 839 3134 quiete
868 3042 960 3113 bene
987 3048 1025 3109 et
1051 3039 1089 3108 in
1114 3061 1202 3130 pace
1228 3035 1360 3131 absque
1387 3039 1507 3132 aliquo
1535 3039 1684 3114 seruicio'

352 3155 537 3226 exactione
562 3152 620 3225 vel
649 3152 826 3225 demanda
854 3152 957 3222 nobis
983 3150 1040 3221 vel
1068 3145 1215 3222 ecclesie
1244 3147 1363 3222 nostre
1392 3153 1571 3225 antedidte
1600 3154 1685 3226 inde

351 3266 514 3338 iaciendo
531 3305 539 3321 ·
557 3267 596 3335 in
620 3288 709 3358 puro
735 3275 773 3336 et
798 3263 910 3334 libero
937 3261 1125 3334 excambio
1149 3263 1246 3332 inter
1270 3284 1335 3333 nos
1353 3273 1391 3334 et
1408 3264 1543 3335 didcum
1564 3264 1685 3337 Adam

352 3378 443 3449 fauo
468 3400 532 3470 pro
556 3375 762 3448 molendino
779 3375 824 3445 de
842 3373 1058 3446 Foletbrwle
1080 3396 1161 3444 cum
1185 3383 1281 3445 terra
1306 3374 1465 3446 multura
1482 3386 1521 3447 et
1536 3374 1685 3450 seruicio

351 3489 547 3561 molendini
572 3511 636 3582 per
659 3486 795 3559 incolas
821 3496 993 3558 terrarum
1014 3482 1156 3556 suarum
1173 3484 1218 3556 de
1236 3482 1465 3580 Badycbayse
1482 3497 1520 3558 et
1538 3486 1684 3560 Foletb-

351 3602 548 3674 blakwater
571 3603 821 3694 inperpetuum
839 3600 1001 3671 faciendo
1018 3637 1026 3654 ·
1045 3599 1081 3668 in
1100 3599 1429 3691 augmentationem
1447 3597 1561 3693 l'alarij
1581 3603 1684 3673 vnius

352 3715 525 3807 capellani
551 3722 723 3806 perpetuo
741 3710 953 3782 celebraturi
975 3711 1012 3779 in
1030 3704 1180 3780 ecclesra
1195 3706 1314 3780 nostra
1329 3711 1508 3783 antedida
1525 3735 1588 3804 per
1604 3713 1685 3783 furn-

352 3825 533 3896 dationem
558 3820 715 3895 eiusdem
732 3822 815 3894 Ade
833 3832 871 3894 et
888 3822 1118 3893 donationem
1145 3832 1253 3914 prout
1277 3830 1379 3914 patet
1403 3845 1468 3916 per
1484 3823 1685 3896 euidentias

351 3934 508 4007 eiusdem
525 3934 608 4006 Ade
632 3935 810 4005 consedes
827 3944 865 4005 et
889 3956 1000 4026 penes
1024 3954 1090 4003 nos
1107 3942 1146 4002 ct
1164 3931 1360 4026 capitulum
1387 3930 1545 4005 nostrum
1570 3958 1685 4007 rema·

352 4057 479 4120 nentes
496 4087 504 4104 ·
523 4069 629 4139 quam
648 4046 790 4137 quidem
809 4054 940 4116 terram
958 4045 1003 4117 de
1020 4041 1250 4136 Bedechayse
1268 4068 1349 4117 cum
1367 4043 1437 4116 suis
1454 4048 1684 4140 pertinentiis

351 4172 391 4231 vt
420 4158 640 4253 premittitur
668 4180 731 4250 pro
760 4158 899 4249 prelato
924 4155 1130 4228 molendino
1157 4167 1252 4228 terra
1281 4156 1440 4228 multura
1464 4169 1502 4229 et
1527 4155 1684 4231 serviciis

351 4271 537 4344 antedidtis
562 4291 626 4339 nos
649 4278 688 4338 et
710 4265 916 4340 successores
941 4265 1051 4338 nostri
1077 4268 1217 4361 prelato
1234 4267 1317 4339 Ado
1343 4268 1533 4341 heredibus
1550 4267 1621 4341 suis
1643 4283 1682 4342 et

350 4379 528 4478 assignatis
545 4388 669 4451 contra
684 4402 808 4450 omnes
825 4380 988 4451 homines
1005 4388 1043 4451 et
1061 4380 1211 4451 seminas
1229 4381 1539 4453 warantizabimus
1557 4392 1596 4453 et
1616 4383 1682 4453 inr-

349 4505 562 4591 pcrpetuum
585 4490 818 4564 defendemus
835 4530 843 4547 ·
863 4490 907 4562 In
924 4493 1026 4563 cuius
1051 4493 1103 4562 rei
1128 4488 1374 4564 testimonium
1402 4490 1558 4586 presenti
1583 4504 1683 4567 carte
