4088 5430
351 640 451 735 xv1.]
815 638 1216 712 ABERDONENSE.
1613 647 1684 715 409

349 840 437 910 with
454 845 497 929 pe
508 839 701 934 Cregmyln
720 840 762 910 of
773 850 818 931 pe
829 836 949 931 samyn
969 837 1075 930 lyand
1090 840 1195 929 wipin
1213 846 1256 930 pe
1270 837 1469 930 lordsohipe
1483 840 1524 909 of
1532 837 1683 909 Fordice

349 951 419 1021 ond
437 948 661 1023 sherefdome
678 952 719 1023 of
742 950 855 1022 Banff
866 950 1031 1044 togiddor
1047 950 1134 1020 with
1160 956 1204 1033 bo
1220 948 1334 1044 sukyn
1359 951 1429 1021 and
1455 949 1623 1021 multurie
1648 952 1689 1019 of

348 1070 393 1151 pe
410 1061 482 1134 said
500 1063 699 1156 iordsohipe
716 1063 758 1134 os
770 1061 923 1132 Fordioe
941 1062 996 1131 for
1011 1071 1056 1152 pe
1072 1071 1188 1131 tenne
1204 1061 1246 1130 os
1257 1064 1429 1132 ninetene
1446 1063 1548 1154 peiris
1566 1101 1574 1118 ·
1593 1061 1684 1153 Pay-

350 1175 419 1244 and
437 1175 602 1247 thairsoir
626 1174 745 1268 3eirlie
770 1180 814 1265 pe
833 1171 962 1244 sowme
984 1175 1026 1242 of
1046 1195 1140 1265 nyne
1158 1173 1289 1264 pundis
1312 1174 1477 1267 togidder
1501 1174 1589 1244 with
1615 1197 1682 1245 ane

349 1284 495 1356 chaldei
511 1287 552 1356 os
565 1287 691 1378 quheit
708 1296 747 1356 to
765 1286 810 1356 be
828 1284 993 1355 deliverit
1005 1285 1091 1355 with
1109 1292 1153 1373 pe
1171 1281 1314 1353 mesour
1330 1286 1372 1355 os
1384 1291 1428 1376 pe
1446 1308 1612 1357 common
1626 1284 1684 1354 sir-

350 1396 403 1465 lot
420 1397 461 1466 os
475 1397 645 1468 Aberden
663 1399 733 1469 and
752 1420 821 1468 one
837 1396 980 1489 nychtis
996 1395 1144 1490 lugeing
1157 1396 1244 1465 with
1261 1394 1390 1489 supper
1406 1397 1477 1469 and
1495 1398 1633 1490 dynner
1646 1408 1684 1466 to

349 1517 393 1595 pe
411 1507 555 1602 bischop
569 1509 687 1599 quhen
708 1511 737 1579 it
755 1507 817 1580 soll
835 1508 968 1600 happin
987 1506 1061 1577 him
1072 1517 1111 1577 to
1129 1530 1210 1578 cum
1226 1509 1263 1577 in
1277 1513 1320 1597 pe
1334 1520 1462 1580 cuntre
1480 1548 1488 1563 ·
1506 1509 1560 1580 At
1574 1509 1685 1581 Edin-

350 1618 466 1711 burgh
483 1619 558 1712 xxij
575 1619 665 1713 July
682 1641 754 1691 eo.
773 1640 968 1693 M.D.xxxv.

351 1930 600 2027 Confirmatio
635 1956 794 2027 eiusdem
828 1952 1054 2028 assedationis
1097 1982 1162 2051 per
1203 1956 1402 2050 capitulum
1447 1961 1492 2051 vij
1530 1958 1683 2053 Augusti

351 2090 424 2138 eo.
443 2090 639 2139 M.1>.xxxv.

351 2379 476 2479 Corte
486 2406 530 2475 de
544 2407 671 2499 viginti
688 2407 894 2487 iudieterre
907 2406 1106 2479 iacentibus
1117 2409 1152 2476 in
1167 2413 1290 2476 vetere
1301 2404 1510 2477 Aberdonie
1526 2429 1572 2476 ex
1583 2416 1684 2499 porte

350 2517 565 2588 occidentali
591 2516 749 2589 eiusdem
775 2513 959 2612 resignatis
985 2542 1049 2611 per
1073 2517 1325 2588 Alexandrum
1353 2515 1439 2611 Kyd
1456 2520 1493 2588 in
1521 2518 1685 2589 menibus

351 2627 504 2722 episcopi
516 2639 689 2721 tanquam
701 2628 887 2723 superioris
898 2641 935 2702 et
946 2654 1010 2723 per
1019 2626 1223 2724 episcopum
1235 2629 1281 2700 ad
1295 2630 1529 2701 feodisirmom
1540 2624 1685 2700 dimissis

351 2742 468 2811 eidem
495 2740 740 2813 Alexandro·
772 2740 882 2835 Apud
913 2740 1181 2816 vniuersitatem
1213 2740 1507 2814 Aberdonensem
1538 2745 1561 2835 ij
1597 2742 1686 2836 Sep·

351 2852 501 2923 tembris
520 2875 590 2924 Ap.
610 2875 822 2925 M.n.xxxv1.

353 3165 583 3283 Preoeptum
603 3186 714 3263 sosine
731 3190 888 3286 magistri
913 3191 1112 3264 Alexandri
1132 3190 1217 3284 Kyd
1237 3189 1341 3283 super
1360 3190 1491 3261 eisdem
1510 3215 1574 3284 per
1592 3190 1686 3261 Wil-

351 3300 500 3373 lelmum
512 3301 716 3395 episcopum
735 3306 859 3376 datum
878 3306 1004 3375 eodem
1020 3304 1103 3375 die·

354 3608 646 3708 Instrumentum
673 3636 777 3729 super
803 3632 1038 3730 resignatione
1065 3642 1258 3710 earundem
1288 3640 1454 3709 ruderum
1481 3650 1589 3732 atque
1607 3663 1685 3733 pre·

351 3761 458 3841 cepto
475 3744 585 3818 sosine
604 3787 611 3803 ·
630 3748 741 3839 Apud
759 3748 952 3819 Aberdeen
970 3752 1042 3842 xvij
1062 3748 1227 3822 Ooobris
1254 3772 1325 3821 Ap.
1344 3773 1551 3823 ii.1>.xxxv1.

352 4062 646 4156 Instrumentum
659 4080 771 4153 safine
782 4085 975 4155 earundem
987 4085 1070 4158 date
1084 4088 1130 4179 vij
1147 4086 1365 4158 Nouembris
1382 4110 1678 4163 A.n.ii.o.xxxv1.

355 4414 584 4533 preceptum
597 4436 751 4532 episcopi
763 4440 808 4510 de
818 4436 930 4510 safina
941 4439 1057 4511 danda
1067 4441 1262 4534 capellanis
1275 4456 1313 4515 et
1324 4447 1462 4539 vicorijs
1472 4449 1569 4520 chori
1583 4449 1687 4544 super

351 4549 533 4624 mansione
551 4574 633 4622 oum
651 4550 755 4622 horto
773 4561 811 4621 et
829 4550 979 4642 edifioijs
995 4553 1136 4625 iacente
1153 4577 1199 4625 ex
1226 4566 1328 4649 porte
1344 4558 1477 4629 boreali
1497 4558 1686 4633 mansionis

986 4670 1007 4735 3
1026 4686 1047 4735 F
