4088 5430
426 608 495 673 140
942 598 1246 673 REGISTRUM
1613 598 1765 694 [sucum

426 798 534 894 ipsius
559 796 707 871 ecclesie
725 794 992 870 Aberdonenfis
1015 799 1073 870 rel
1099 797 1342 892 episcoporum
1366 793 1677 870 Aberdoneufium
1704 800 1765 890 qui

426 937 490 1007 pro
511 922 673 1005 tempore
693 912 828 982 fuerint
854 911 974 983 ledere
992 911 1049 983 vel
1067 912 1268 982 diminuere
1286 951 1294 967 ·
1312 910 1481 1002 idemque
1506 911 1766 1005 primogenitus

427 1020 547 1095 noster
562 1026 695 1095 ibidem
712 1020 855 1117 presens
872 1023 1069 1094 declarauit
1082 1023 1177 1115 quod
1195 1025 1232 1093 in
1250 1023 1442 1093 donatione
1460 1022 1554 1093 satta
1570 1044 1634 1114 per
1650 1021 1765 1116 ipsum

428 1136 559 1208 dilecto
576 1137 700 1230 nepoti
724 1132 843 1205 nostro
860 1134 884 1205 J
887 1136 998 1206 acobo
1016 1137 1061 1206 de
1079 1131 1267 1228 Lyndesay
1284 1135 1329 1204 de
1346 1135 1450 1204 terris
1468 1134 1513 1204 dc
1531 1132 1766 1226 Fermartyne

427 1247 595 1342 predictis
612 1251 668 1319 ius
685 1244 832 1319 ecclesie
850 1244 1116 1318 Aberdonenfis
1134 1256 1172 1317 et
1189 1243 1434 1338 episcoporum
1451 1243 1766 1317 Aberdonenfiurn

428 1363 489 1453 qui
515 1385 578 1453 pro
603 1372 766 1453 tempore
791 1359 926 1430 fuerint
952 1359 1135 1430 intellexit
1160 1354 1263 1430 fuisse
1289 1366 1327 1428 et
1351 1354 1421 1428 else
1447 1367 1640 1452 exceptum
1659 1369 1696 1429 et
1714 1361 1766 1430 eis

427 1471 562 1544 saluum
583 1483 620 1543 et
638 1471 791 1542 liberum
809 1493 993 1542 remancre
1007 1512 1015 1528 ·
1030 1494 1140 1563 quare
1154 1470 1425 1542 vicecomitibus
1441 1466 1570 1539 nostris
1587 1469 1633 1539 de
1650 1465 1767 1541 Aber-

428 1586 497 1654 den
516 1595 554 1655 et
573 1585 617 1655 de
635 1582 747 1654 Banff
766 1593 805 1654 et
830 1606 955 1653 eorum
982 1584 1125 1655 ballinis
1147 1582 1299 1652 firmiter
1325 1583 1541 1674 precipimus
1564 1592 1603 1653 ct
1620 1583 1766 1653 manda·

426 1720 507 1767 mus
525 1698 694 1788 quatinus
710 1718 774 1788 pro
791 1696 940 1788 prelatis
957 1693 1121 1766 secundis
1139 1695 1287 1765 decimis
1309 1690 1552 1785 persoluendis
1570 1693 1765 1764 venerabili

427 1812 462 1878 in
482 1805 622 1879 Christo
639 1810 732 1901 patri
751 1808 833 1878 Ade
851 1805 1015 1900 episcopo
1033 1802 1282 1878 Aberdonensr
1308 1806 1464 1898 prefatas
1488 1814 1600 1876 terras
1617 1807 1663 1876 de
1681 1804 1766 1876 Fer-

426 1930 568 2014 martyn
585 1930 623 1991 et
641 1942 763 1991 earum
790 1919 924 1990 incolas
947 1943 1014 1990 nec
1033 1942 1105 1989 non
1123 1919 1209 1990 alias
1233 1927 1347 1989 terras
1371 1918 1464 1989 infra
1489 1916 1614 1989 bullias
1633 1915 1765 1989 vestras

426 2032 471 2102 de
489 2033 617 2125 quibus
635 2027 835 2102 consimiles
854 2029 1008 2101 secunde
1023 2032 1161 2101 decime
1179 2031 1358 2101 debentur
1374 2027 1470 2101 dicte
1486 2026 1636 2101 ecclesie
1649 2029 1767 2100 Aber-

426 2140 571 2214 donenfi
605 2166 669 2235 pro
699 2138 781 2235 ipfis
814 2143 954 2235 prelato
984 2139 1147 2235 episcopo
1175 2137 1338 2212 slmiliter
1372 2137 1615 2233 persoluendis
1643 2141 1765 2212 debite

427 2252 645 2349 distringatis
667 2294 675 2309 ·
699 2252 741 2322 ln
771 2254 873 2324 cuius
902 2256 954 2324 rei
985 2250 1230 2325 testimonium
1260 2254 1323 2325 has
1354 2252 1476 2323 literas
1502 2250 1638 2324 nostras
1664 2253 1765 2324 robis

426 2363 661 2437 ostendendas
689 2375 726 2435 et
756 2388 866 2457 penes
900 2366 1078 2459 prefatum
1110 2365 1312 2459 episcopum
1344 2361 1564 2436 remansuras
1594 2362 1658 2436 libi
1688 2366 1764 2437 fieri

426 2480 576 2548 fecimus
602 2486 768 2570 patentes
794 2479 889 2570 apud
916 2477 1028 2549 Perth
1049 2480 1176 2549 octauo
1203 2479 1260 2549 die
1286 2473 1416 2547 mensis
1434 2475 1534 2569 Juuij
1553 2502 1648 2548 anno
1666 2481 1765 2573 regni

426 2586 536 2659 nostri
555 2589 767 2660 duodecimo
785 2627 793 2643 ·

428 2924 644 3017 Preceptum
670 2924 820 2994 Roberti
849 2927 942 3019 regis
969 2924 1238 2996 vicecomitibus
1264 2927 1310 2997 de
1334 2924 1506 2997 Aberden
1530 2936 1568 2997 et
1592 2928 1637 2998 de
1661 2926 1773 2998 Banll'

428 3039 521 3128 quod
546 3037 763 3130 compellant
788 3045 901 3106 terras
920 3046 957 3105 et
981 3037 1115 3108 incolas
1133 3037 1177 3107 de
1196 3036 1408 3128 Fermartyn
1432 3036 1570 3109 soluere
1596 3035 1767 3110 secundas

428 3151 584 3220 decimas
603 3191 610 3205 ·

430 3345 624 3447 Robertus
639 3373 708 3443 Dei
725 3375 842 3468 gratia
858 3397 922 3444 rex
941 3374 1148 3445 Scottorum
1164 3375 1434 3445 vicecomitibus
1451 3372 1581 3446 nostris
1595 3376 1639 3446 de
1653 3376 1769 3446 Aber-

428 3489 498 3558 den
517 3495 554 3557 at
572 3487 616 3556 de
630 3484 743 3556 Banff
753 3484 811 3556 vel
829 3508 952 3556 eorum
972 3486 1049 3556 loca
1067 3487 1276 3557 tenentibus
1293 3485 1445 3558 salutem
1459 3524 1467 3541 ·
1482 3486 1577 3571 Quia
1590 3489 1627 3558 in
1641 3488 1769 3558 vltimo

428 3596 573 3670 consilio
600 3594 719 3668 nostro
743 3607 847 3669 tento
872 3598 967 3690 apud
995 3596 1105 3669 Perth
1124 3600 1167 3669 ad
1195 3594 1400 3669 instantiam
1419 3598 1632 3670 venerabilis
1658 3601 1769 3691 patris

428 3712 563 3781 domini
583 3709 666 3780 Ade
692 3708 846 3804 episcopi
864 3706 1131 3781 Aberdonensrs
1157 3710 1281 3781 extitit
1307 3709 1527 3781 declaratum
1551 3711 1645 3803 quod
1672 3712 1767 3782 idenr

429 3819 613 3916 episcopus
642 3824 826 3915 percipere
856 3822 987 3893 debeat
1021 3820 1192 3894 secundas
1222 3821 1379 3893 decimas
1408 3829 1483 3892 tam
1514 3823 1560 3892 (19
1589 3823 1694 3893 terris
1724 3823 1769 3892 de

429 3933 664 4025 Fermartyuc
682 3958 790 4026 quam
817 3935 862 4005 de
887 3934 967 4004 aliis
992 3934 1097 4004 terris
1121 3933 1215 4004 infra
1231 3934 1504 4004 vicecomitatns
1530 3934 1707 4027 predictos
1723 3935 1769 4005 de
1817 3918 1820 3923 ’

428 4046 556 4137 quibus
574 4046 712 4117 decime
730 4044 931 4116 huiusmodi
957 4069 1021 4138 per
1037 4039 1296 4137 predecessores
1320 4039 1429 4138 ipsrus
1454 4042 1609 4139 episcopi
1634 4047 1770 4140 percipi

427 4155 690 4229 consueuerunt
708 4181 780 4227 non
798 4152 963 4229 obstante
975 4158 1170 4229 donatione
1187 4167 1225 4228 et
1243 4152 1464 4229 concessione
1482 4157 1526 4228 de
1544 4157 1648 4228 diois
1664 4158 1769 4228 terris

429 4270 473 4340 de
498 4267 709 4361 Fermartyn
737 4293 801 4362 per
823 4269 1028 4341 Johannem
1054 4271 1224 4341 comitem
1252 4269 1297 4338 de
1322 4267 1459 4361 Carryk
1489 4270 1768 4364 primogenitum

429 4377 590 4453 nostrum
610 4378 746 4451 Jacobo
774 4382 818 4452 de
843 4380 1030 4475 Lyndesay
1054 4380 1162 4452 militi
1189 4381 1310 4473 nepoti
1337 4376 1457 4449 nostro
1482 4375 1656 4451 carissimo
1681 4380 1768 4452 alias

426 4494 521 4565 19899
537 4530 544 4548 ·
563 4514 672 4585 quare
694 4492 793 4563 vobis
818 4502 855 4562 et
874 4491 1030 4564 vestrum
1056 4493 1206 4565 cuilibet
1231 4494 1266 4563 in
1294 4490 1366 4562 fide
1383 4501 1421 4561 et
1438 4490 1615 4567 fidelitate
1639 4490 1768 4584 quibus
