4088 5430
347 642 420 714 264
859 632 1165 708 REGISTRUM
1529 634 1687 731 [sucum

350 949 529 1021 Fundatio
547 949 667 1021 obitus
684 943 836 1041 episcopi
854 954 892 1019 ct
910 946 1053 1019 comitis
1070 946 1116 1018 de
1132 945 1333 1019 Crausurdo
1350 986 1360 1006 ·

349 1149 569 1269 lugeremus
587 1214 596 1234 ·
614 1214 622 1232 ·
641 1211 649 1228 ·
667 1168 848 1266 episcopus
867 1165 1133 1242 Aberdonensis
1150 1179 1189 1242 et
1206 1169 1372 1242 dominus
1390 1171 1436 1242 dc
1453 1168 1628 1245 Vesthale
1645 1171 1685 1244 in

348 1286 536 1382 regalitate
553 1287 598 1357 de
615 1283 793 1357 Garuiach
812 1285 905 1354 infra
921 1283 1215 1355 vicecomitatum
1234 1283 1279 1353 de
1295 1282 1470 1354 Abcrdon
1482 1321 1491 1340 ·
1505 1283 1688 1358 Volentes

350 1400 458 1472 dante
475 1398 632 1469 Domino
648 1394 766 1469 sandie
790 1397 915 1467 matris
937 1392 1085 1467 ecclesie
1102 1394 1242 1466 cultum
1260 1394 1433 1488 ampliare
1449 1396 1494 1468 ad
1510 1396 1687 1468 honorem

348 1512 606 1604 omnipotentis
619 1507 691 1580 Dei
704 1517 742 1579 et
755 1508 861 1578 beate
875 1506 993 1579 Mario
1005 1505 1168 1600 Virginis
1185 1529 1310 1577 omnes
1327 1515 1441 1579 terras
1455 1508 1499 1579 de
1510 1503 1688 1581 Vesthale

349 1623 546 1695 antedistas
564 1662 572 1679 ·
592 1656 625 1676 ··
643 1642 730 1713 quas
754 1619 928 1690 habemus
945 1657 954 1673 ·
971 1656 980 1673 ·
997 1656 1005 1673 ·
1023 1619 1068 1688 de
1086 1619 1180 1689 dono
1198 1656 1206 1675 ·
1223 1656 1232 1674 ·
1249 1656 1257 1674 ·
1275 1620 1369 1713 regis
1385 1618 1513 1691 Jacobi
1538 1617 1687 1692 secundi

350 1734 483 1805 domini
500 1729 688 1826 superioris
705 1732 900 1804 earundem
917 1730 1100 1801 mediante
1118 1730 1163 1802 ad
1180 1731 1248 1802 hoc
1266 1726 1504 1825 resignatione
1518 1729 1687 1804 Edwardi

349 1848 394 1917 de
412 1843 566 1938 Ramsay
583 1846 718 1915 domini
743 1843 937 1914 earundem
956 1882 965 1899 ·
984 1881 993 1898 ·
1011 1881 1020 1898 ·
1038 1843 1075 1912 in
1097 1865 1223 1935 puram
1241 1852 1279 1913 et
1296 1852 1507 1936 perpetuam
1525 1840 1690 1915 elemosi-

348 1981 431 2030 nam
445 1958 629 2028 dedimus·
643 1993 673 2013 ··
687 1957 748 2025 viii
766 1955 950 2048 capellano
968 1955 1234 2046 imperpetuum
1249 1954 1473 2026 celebraturo
1486 1956 1522 2025 in
1538 1954 1689 2028 ecclesia

347 2066 464 2143 nostra
482 2069 678 2140 cathedrali
696 2062 945 2139 Aberdonensi
971 2088 1035 2158 pro
1061 2066 1250 2137 animabus
1274 2068 1405 2160 prefati
1423 2068 1557 2138 domini
1575 2064 1688 2141 nostri

347 2183 440 2276 regis
457 2192 495 2252 et
512 2182 657 2251 domine
676 2179 794 2250 Marie
819 2180 942 2273 regine
964 2174 1136 2248 consortis
1154 2187 1192 2249 et
1209 2175 1334 2271 sponse
1351 2176 1412 2250 sue
1430 2189 1468 2250 et
1485 2203 1549 2273 pro
1567 2181 1691 2254 anima

347 2291 466 2367 nostra
482 2303 520 2365 et
544 2294 663 2364 anima
680 2291 860 2384 quondam
885 2292 979 2361 bone
1005 2291 1178 2361 memorie
1196 2288 1317 2362 Dauid
1336 2288 1524 2384 Lyndesay
1540 2289 1689 2364 secundi

347 2409 488 2481 comitis
505 2404 713 2477 Crawsurde
740 2443 748 2460 ·
772 2443 781 2460 ·
808 2442 816 2459 ·
842 2412 880 2472 et
905 2402 973 2472 hoo
998 2402 1095 2471 idem
1113 2403 1221 2473 saciet
1247 2405 1453 2496 quicunque
1479 2404 1688 2498 capellanus

348 2560 355 2577 ·
375 2558 385 2579 ·
403 2560 411 2576 ·
430 2520 491 2612 qui
517 2518 689 2589 canonice
714 2514 937 2609 ingredietur
954 2514 991 2582 in
1009 2510 1199 2586 seruicium
1221 2516 1442 2586 antedictum
1461 2556 1470 2573 ·
1489 2518 1591 2587 cuius
1610 2519 1690 2610 qui·

348 2635 429 2705 deni
456 2629 659 2724 capellani·
679 2667 687 2685 ·
707 2668 714 2684 ·
734 2623 951 2719 presentatio
972 2625 1094 2695 ···ud
1113 2667 1121 2683 ·
1141 2667 1149 2684 ·
1170 2668 1178 2683 ·
1198 2624 1379 2721 episcopos
1405 2622 1552 2699 ecclesie
1569 2628 1692 2701 Aber-

348 2741 512 2816 doncnsis
538 2740 710 2835 spedtabit
733 2778 741 2795 ·
763 2777 771 2793 ·
793 2776 802 2794 ·
825 2736 907 2809 sede
930 2746 1081 2808 vacante
1100 2772 1135 2794 ··
1158 2776 1166 2793 ·
1184 2739 1228 2809 ad
1255 2739 1453 2831 capitulum
1472 2780 1480 2797 ·
1500 2780 1509 2797 ·
1529 2780 1537 2798 ·
1555 2738 1691 2835 spedta-

348 2859 403 2929 bit
428 2880 493 2949 pro
519 2864 680 2945 tempore
697 2889 706 2907 ·
725 2891 733 2908 ·
753 2892 760 2907 ·
781 2849 979 2921 Reddendo
1006 2849 1090 2920 inde
1113 2852 1299 2922 annuatim
1318 2891 1327 2908 ·
1346 2891 1354 2908 ·
1374 2891 1384 2908 ·
1401 2852 1607 2945 capellanus
1626 2855 1689 2947 qui

348 2994 411 3064 pro
430 2979 592 3060 tempore
614 2965 778 3036 fueritin
797 2963 892 3033 dista
916 2961 1114 3054 capellania
1139 2961 1333 3054 capellanis
1349 2964 1387 3033 in
1405 2964 1513 3034 choro
1539 2961 1692 3038 ecclesie

348 3079 561 3154 cathedralis
585 3070 850 3148 Aberdonensis
877 3073 1161 3145 deseruientibus
1187 3075 1423 3169 quadraginta
1448 3074 1578 3148 solidos
1603 3117 1613 3134 ·
1640 3119 1650 3136 ·
1678 3119 1689 3137 ·

347 3217 412 3288 pro
429 3191 567 3262 duobus
583 3186 830 3279 anniuersarijs
844 3181 991 3280 singulis
1009 3187 1111 3257 annis
1129 3209 1193 3279 pro
1206 3188 1325 3258 anima
1341 3184 1461 3259 nostra
1477 3189 1514 3259 in
1532 3186 1689 3261 crastino

349 3307 555 3377 octabarum
581 3297 827 3392 assumptionis
852 3299 959 3370 beate
978 3298 1097 3370 Maria
1114 3297 1277 3392 Virginis
1303 3309 1340 3371 et
1366 3321 1430 3391 pro
1455 3303 1575 3372 anima
1600 3303 1689 3376 diui

349 3415 470 3489 Dauid
500 3413 642 3486 comitis
672 3412 811 3483 decimo
842 3407 994 3502 septimo
1024 3411 1082 3480 die
1111 3404 1242 3480 mensis
1270 3408 1432 3504 lanuarij
1463 3412 1689 3487 celebrandis

349 3524 663 3623 proportionaliter
686 3520 939 3616 persolueudos
961 3522 1053 3593 infra
1070 3519 1151 3594 octo
1169 3520 1245 3592 dies
1266 3519 1345 3614 post
1367 3521 1568 3595 huiusmodi
1585 3529 1689 3597 anni-

349 3638 501 3712 uersaria
518 3638 699 3711 celebrata
714 3673 722 3691 ·
740 3636 897 3727 alioquin
919 3631 1183 3727 percensuram
1202 3635 1443 3706 omnimodam
1470 3633 1617 3709 ecclesie
1640 3639 1686 3710 ad

347 3750 540 3822 solutiones
558 3750 732 3820 distorum
751 3747 989 3839 quadraginta
1004 3743 1196 3817 solidorum
1222 3746 1460 3839 compellatur
1477 3787 1486 3807 ·
1506 3748 1690 3823 Volumus

351 3865 459 3935 etiam
477 3900 486 3917 ·
503 3900 512 3917 ·
528 3900 537 3917 ·
555 3862 651 3954 quod
676 3882 925 3953 quemcunque
951 3858 1175 3951 capellanum
1202 3854 1249 3930 sic
1267 3899 1276 3916 ·
1295 3899 1304 3915 ·
1324 3899 1332 3916 ·
1351 3856 1557 3932 institutum
1575 3864 1689 3955 quod·

350 3998 491 4066 cunque
516 3973 612 4045 aliud
638 3971 853 4043 beneficium
877 3971 1024 4063 pacifice
1048 3965 1180 4063 assequi
1203 3972 1396 4065 contigerit
1421 4009 1430 4028 ·
1456 4009 1465 4028 ·
1489 4010 1498 4030 ·
1524 3997 1570 4045 cx
1598 3984 1689 4049 tuno

349 4084 548 4159 huiusmodi
575 4084 809 4177 capellaniam
831 4106 956 4154 vacare
983 4083 1232 4153 decemimus·
1250 4122 1258 4139 ·
1278 4122 1287 4139 ·
1305 4092 1343 4152 et
1368 4082 1451 4154 ideo
1467 4083 1633 4157 volumus
1658 4084 1685 4160 si

349 4195 581 4295 personaliter
605 4219 677 4266 non
703 4192 856 4268 resideat
881 4195 1004 4266 debite
1022 4195 1068 4265 de
1084 4191 1281 4266 seruiturus
1304 4195 1343 4265 in
1369 4196 1463 4268 dida
1488 4197 1688 4291 capellania

348 4350 356 4368 ·
376 4349 384 4367 ·
401 4349 410 4366 ·
426 4317 464 4380 et
481 4308 638 4402 portabit
654 4308 817 4379 habitum
835 4308 873 4377 in
892 4307 999 4379 choro
1017 4306 1183 4377 omnibns
1200 4305 1325 4376 diebus
1338 4307 1525 4379 dominicis
1538 4316 1576 4380 et
1589 4305 1687 4381 festi·

351 4426 407 4494 uis
424 4423 461 4492 in
479 4420 643 4489 omnibus
668 4422 807 4512 magnis
827 4419 923 4490 horis
947 4429 1056 4512 prout
1081 4418 1140 4510 alij
1168 4417 1341 4510 capellani
1361 4419 1407 4490 de
1424 4419 1531 4493 choro
1548 4422 1686 4497 faciunt

353 4578 361 4594 ·
381 4577 389 4593 ·
410 4576 418 4593 ·
437 4531 548 4627 Apud
566 4529 738 4601 Aberdon
757 4532 816 4624 xvj
835 4531 893 4602 die
910 4526 1041 4602 mensis
1058 4528 1280 4622 Septembris
1298 4549 1507 4603 muccosis
1524 4570 1532 4588 ·
