4088 5430
290 627 390 722 x1v.]
757 624 1160 698 ABERDONENSE.
1581 632 1628 700 55

289 935 388 1009 Istud
404 936 456 1009 est
468 938 607 1009 rentale
624 939 717 1033 regis
730 936 930 1007 Alexandri
947 937 1046 1028 tertij
1061 938 1378 1009 vicecomitatuum
1396 936 1441 1008 de
1454 935 1626 1008 Aberden

289 1062 327 1122 et
344 1052 390 1121 de
407 1049 519 1122 Banff
529 1048 574 1120 de
592 1072 663 1142 quo
681 1049 808 1121 deduci
835 1047 969 1118 debent
986 1045 1140 1119 secunde
1166 1049 1305 1120 decime
1321 1048 1367 1120 cd
1385 1070 1474 1142 opus
1491 1048 1627 1119 domini

288 1160 442 1257 episcopi
464 1156 730 1233 Aberdonenfis
748 1201 757 1217 ·
775 1168 928 1252 excepta
952 1167 1049 1230 terra
1065 1160 1110 1230 de
1128 1159 1360 1255 Munycabok
1388 1182 1458 1252 que
1483 1168 1628 1232 tentum

288 1273 395 1345 soluit
428 1274 574 1344 domino
603 1270 766 1367 episcopo
800 1295 864 1366 pro
892 1268 1056 1343 secundis
1091 1273 1238 1344 decimis
1269 1283 1445 1365 quantum
1476 1273 1536 1343 hie
1564 1295 1628 1344 ex·

289 1388 452 1457 tenditur
470 1427 477 1442 ·

289 1722 346 1793 De
364 1724 534 1816 thanagio
550 1722 596 1792 de
612 1720 785 1793 Aberden
804 1761 812 1776 ·
833 1721 843 1790 Ι
863 1760 871 1776 ·
889 1743 1026 1791 marcas
1045 1759 1052 1776 ·

290 1834 347 1905 De
365 1834 537 1905 Grandon
563 1842 602 1904 et
627 1828 787 1927 Prestoiy
808 1854 878 1924 que
902 1830 1094 1903 valuerunt
1119 1840 1281 1923 tempore
1307 1833 1400 1926 regis
1425 1831 1625 1904 Alexandri

338 1947 414 2039 iiij·
434 1946 484 2016 lib
503 1986 511 2001 ·
530 1966 556 2015 x
574 1942 662 2015 solid
681 1983 689 1999 ·
707 1954 745 2015 et
766 1945 803 2037 iij
822 1943 959 2014 celdrcs
985 1965 1101 2014 auene
1125 1952 1163 2012 et
1189 1939 1350 2014 solebant
1376 1945 1556 2037 pertinere
1581 1945 1625 2016 ad

338 2055 526 2128 seruitium
543 2057 768 2128 vicecomitis
786 2056 831 2125 de
848 2055 1019 2126 Aberden
1040 2094 1048 2111 ·

290 2169 425 2262 Cordys
442 2170 652 2241 extenditur
669 2170 713 2240 ad
732 2189 760 2238 x
777 2190 914 2239 marcas
930 2165 985 2239 set
1001 2166 1083 2260 plus
1101 2165 1197 2237 valet
1214 2205 1221 2219 ·

290 2280 347 2354 ΒΘ
364 2281 510 2375 Kyntor
526 2302 548 2352 c
566 2292 604 2352 et
620 2283 632 2352 i
650 2302 786 2353 marcas
803 2318 811 2332 ·

289 2393 347 2465 De
366 2395 395 2465 F
396 2397 590 2488 sermartyn
608 2414 630 2464 c
648 2402 686 2463 et
704 2413 754 2463 Lx
772 2413 932 2461 marcas·

290 2507 347 2579 De
365 2507 494 2601 Obyne
511 2527 557 2578 cc
575 2517 613 2578 et
630 2508 654 2577 ii
673 2527 810 2575 marcae
828 2544 836 2559 ·

290 2619 347 2690 De
364 2620 511 2690 baronia
527 2620 573 2688 de
590 2617 729 2711 Sydgat
745 2617 807 2686 xvi
823 2637 960 2685 mercae
980 2654 988 2669 ·

290 2731 348 2801 ΒΘ
365 2732 470 2802 terris
487 2730 532 2800 de
550 2727 772 2799 Monicabok
790 2727 867 2819 xiiij
885 2764 893 2780 ·
912 2724 933 2796 s
943 2765 950 2781 ·
969 2736 1007 2796 et
1024 2727 1085 2818 viij
1104 2764 1112 2779 ·
1131 2726 1152 2796 d
1171 2765 1178 2779 ·

290 2842 347 2913 De
365 2845 470 2914 terris
487 2842 533 2911 de
550 2838 716 2911 Straloch
735 2859 785 2908 xc
804 2877 811 2894 ·
831 2835 871 2907 s·

289 2954 348 3026 De
365 2956 470 3024 terris
488 2954 532 3023 de
552 2950 782 3022 Fotherlethr
800 2971 911 3018 vnum
928 2971 992 3042 par
1009 2949 1200 3021 calcarium
1219 2951 1469 3026 deauratorum
1490 2998 1497 3011 ·

290 3066 347 3137 ΒΘ
364 3067 511 3138 baronia
528 3066 573 3136 de
591 3058 820 3155 Uchtrerlyff
829 3100 837 3117 ·
856 3063 891 3132 i·
910 3059 1149 3153 esperuarium
1170 3103 1176 3116 ·

291 3178 348 3248 De
365 3177 555 3270 Banchory
573 3175 739 3269 deuenyk
757 3196 779 3246 c
797 3212 805 3229 ·
823 3173 846 3244 Γ
856 3215 864 3229 ·

516 3422 566 3471 DE
584 3418 869 3471 VICECOMITATU
888 3418 939 3467 DE
957 3420 1055 3469 BANF
1074 3420 1249 3471 RENTALE
1267 3421 1378 3472 REGIS
1396 3442 1404 3457 ·

291 3627 348 3697 De
366 3627 535 3719 thanagio
558 3625 602 3695 de
620 3622 880 3716 Glendouachy
899 3643 956 3693 xx
975 3622 1025 3693 lib
1044 3664 1052 3679 ·
1071 3620 1206 3696 scilicet
1225 3645 1279 3693 xv
1297 3625 1348 3695 lib
1365 3662 1373 3680 ·
1390 3636 1429 3695 et
1448 3646 1472 3693 v
1490 3626 1628 3700 coldras

339 3740 510 3809 frumenti
528 3776 536 3791 ·

291 3850 348 3920 ΒΘ
366 3848 597 3920 Aberkerdor
615 3848 676 3917 ciii
694 3847 743 3915 lib
761 3867 823 3916 ·v1
842 3884 850 3901 ·
868 3844 889 3916 Γ
895 3884 904 3901 ·
917 3858 955 3917 et
974 3847 1033 3940 viij
1052 3883 1060 3901 ·
1079 3848 1210 3919 denar·
1226 3846 1361 3920 scilicet
1375 3890 1383 3904 ·
1397 3850 1422 3942 ij
1441 3848 1629 3948 Weyting‘

341 3962 397 4032 vel
417 3981 467 4030 xi.
485 3960 562 4030 lib·
580 3970 617 4028 et
635 3959 672 4027 in
691 3958 844 4029 denariis
861 3958 923 4050 xiij
942 3957 993 4027 lib
1010 3995 1018 4010 ·
1036 3961 1069 4049 vj
1088 3998 1096 4013 ·
1114 3957 1135 4028 Γ
1145 3998 1153 4014 ·
1172 3969 1210 4029 et
1226 3961 1287 4050 viij
1305 3960 1468 4033 denarios
1486 4001 1494 4017 ·

291 4072 349 4143 ΒΘ
365 4072 534 4142 Conuath
551 4064 595 4150 iiii
613 4091 750 4139 marcae
768 4110 776 4124 ·

290 4183 348 4254 De
365 4185 469 4254 terris
486 4183 531 4254 de
550 4181 739 4276 Fynletter
757 4183 870 4252 cxvi·
888 4177 910 4249 Γ
919 4218 928 4235 ·
946 4190 984 4251 et
1002 4183 1063 4274 viij
1080 4182 1243 4253 denarios
1262 4225 1269 4238 ·

290 4295 348 4366 ΒΘ
364 4294 438 4364 filio
457 4295 502 4366 de
520 4294 675 4367 Fercher
690 4294 715 4363 ii
734 4335 743 4351 ·
762 4293 927 4365 duodena
942 4290 1152 4386 sagittarum
1170 4331 1178 4347 ·

289 4407 348 4480 ΒΘ
365 4408 470 4481 terris
487 4409 533 4479 de
550 4402 767 4478 Castelfelde
784 4405 869 4497 xxvj
888 4445 896 4461 ·
915 4402 956 4473 s·
974 4414 1012 4475 et
1030 4405 1091 4497 viij
1110 4404 1271 4477 denarios
1289 4446 1298 4462 ·

291 4520 348 4592 ΒΘ
366 4520 470 4592 terris
488 4520 533 4591 de
550 4517 806 4613 Petynbruyan
824 4536 876 4587 xi.
894 4555 902 4572 ·
921 4513 944 4585 Γ
953 4554 961 4571 ·
