4088 5430
346 643 419 718 344
861 631 1167 707 REGISTRUM
1539 631 1698 728 [sucum

349 946 521 1039 Sequitur
536 946 643 1017 huius
658 953 758 1017 oarta
774 944 995 1016 venditionis
1010 983 1019 1002 ·

351 1147 573 1242 Willelmus
598 1166 798 1241 Thomsone
817 1208 825 1225 ·
846 1207 855 1226 ·
874 1208 882 1225 ·
903 1166 1094 1240 Noueritio
1116 1192 1203 1240 me·
1223 1210 1231 1227 ·
1251 1209 1259 1227 ·
1278 1168 1475 1242 vendidiss'e
1492 1212 1501 1228 ·
1521 1212 1529 1229 ·
1550 1210 1558 1228 ·
1576 1160 1699 1266 magi-⁸

349 1280 420 1354 stro
437 1281 614 1354 Dunoano
632 1280 809 1354 Scherar·
830 1319 839 1338 ·
857 1319 866 1337 ·
885 1302 1047 1350 annuum
1073 1281 1256 1353 redditum
1283 1286 1395 1355 trium
1413 1283 1635 1356 solidorum·
1655 1326 1664 1343 ·
1684 1324 1693 1340 ·

350 1396 545 1468 leuandum
562 1395 607 1466 de
625 1435 633 1452 ·
652 1434 661 1452 ·
682 1437 689 1453 ·
708 1402 861 1485 quatuor
885 1393 1072 1486 pertinetis
1098 1402 1275 1466 terramm
1301 1419 1464 1468 mearum
1488 1396 1696 1467 iacentibus

353 1509 405 1605 [ot
420 1504 548 1604 suma]
568 1505 678 1600 Apud
701 1504 838 1577 Kintor
853 1507 891 1575 ix
909 1500 1078 1597 Augustij
1105 1526 1179 1577 an.
1207 1527 1452 1579 noccoxmx
1478 1547 1486 1564 ·
1514 1547 1523 1566 ·
1550 1501 1694 1578 ·Testi-

351 1622 418 1691 bns
436 1620 581 1690 domino
597 1618 619 1690 J
625 1619 766 1690 ohanne
792 1615 1000 1689 Sanohathe
1018 1617 1149 1688 vicario
1167 1618 1212 1689 de
1230 1618 1477 1691 Crechmont·
1498 1618 1693 1691 Wiilelmo

351 1733 507 1805 Chamer
532 1733 576 1802 de
601 1730 825 1825 Balnaorage
846 1769 854 1786 ·
883 1726 1006 1799 Dauid
1023 1728 1205 1801 Chamer·
1226 1729 1418 1804 Willelmo
1448 1731 1692 1804 Andersone·

349 1845 516 1917 Johanne
534 1843 656 1915 Smart
673 1883 681 1899 ·
701 1841 821 1914 Dauid
839 1840 1029 1934 Ryohman
1048 1880 1057 1898 ·
1074 1841 1099 1912 J
1101 1842 1242 1915 ohanne
1261 1842 1412 1938 Dennys
1428 1840 1692 1940 burgenfibns·

350 1968 389 2028 et
406 1956 590 2050 Stephano
608 1952 849 2027 Duncansone
866 1951 1060 2048 sergeando
1078 1988 1087 2008 ·

351 2292 459 2364 Carta
476 2294 611 2363 domini
629 2293 674 2363 de
691 2288 845 2362 Jonston
862 2331 870 2347 ·

349 2496 573 2590 Alexander
597 2511 868 2588 Johnnestoune
895 2515 940 2585 de
965 2515 1092 2585 eodem
1111 2554 1119 2572 ·
1138 2555 1146 2572 ·
1165 2553 1173 2571 ·
1192 2515 1230 2586 N
1233 2519 1382 2588 oueritis
1406 2541 1466 2590 me
1483 2559 1492 2575 ·
1509 2556 1518 2573 ·
1537 2557 1545 2575 ·
1563 2519 1693 2589 nendi-

350 2627 435 2702 diss'e
453 2669 461 2686 ·
481 2670 488 2686 ·
508 2671 516 2687 ·
535 2626 702 2724 magistro
720 2627 896 2700 Villelmo
922 2625 1062 2698 Mowat
1087 2629 1259 2699 canonico
1285 2627 1526 2701 Abirdonenfi
1552 2639 1591 2701 et
1608 2653 1693 2724 pre·

349 2742 518 2814 bendario
546 2743 590 2812 de
618 2740 796 2835 Lummay
817 2778 825 2795 ·
848 2779 856 2796 ·
879 2779 887 2796 ·
911 2749 1165 2811 tenementum
1190 2764 1314 2812 meum
1340 2739 1414 2813 fine
1440 2752 1571 2814 terram
1603 2765 1690 2814 cnm

348 2855 575 2949 pertinentijs
602 2855 722 2925 iacens
749 2876 794 2924 ex
821 2862 923 2947 parte
954 2851 1089 2923 boreali
1116 2863 1153 2924 et
1183 2854 1397 2925 occidentali
1424 2851 1616 2926 mantionis
1643 2856 1692 2926 de

351 2965 571 3038 Mnrthiliak
596 2984 707 3059 prope
737 2987 928 3036 commune
953 2960 1147 3058 passagium
1175 2965 1220 3036 de
1248 2968 1398 3038 canonIa
1423 2966 1468 3038 de
1497 2965 1688 3039 Abirdene

349 3103 420 3172 qno
445 3080 519 3148 itur
542 3078 586 3148 ad
611 3086 774 3148 montem
803 3078 864 3169 qui
893 3075 1090 3170 vulgariter
1118 3078 1250 3149 dicitur
1276 3076 1573 3149 Dilledroniihile
1599 3118 1607 3135 ·
1636 3120 1645 3136 ·
1678 3120 1686 3135 ·

348 3191 560 3263 Tenendum
578 3229 587 3246 ·
607 3228 615 3246 ·
633 3227 642 3245 ·
659 3190 704 3261 de
730 3189 883 3260 dominis
909 3184 1071 3282 episcopo
1089 3185 1338 3259 Aberdonenfi
1355 3199 1393 3260 et
1411 3188 1568 3282 capitulo
1594 3190 1688 3260 eius-

349 3307 431 3376 dem
449 3343 457 3361 ·
477 3339 485 3358 ·
502 3339 510 3357 ·
528 3300 727 3373 Reddendo
746 3302 830 3373 inde
847 3301 1034 3372 annuatim
1052 3339 1060 3357 ·
1079 3340 1087 3358 ·
1105 3338 1114 3356 ·
1132 3299 1326 3393 capellanis
1344 3301 1441 3372 chori
1456 3301 1687 3372 Abirdonen-

348 3411 393 3488 fis
410 3436 519 3486 vnam
536 3435 694 3485 mercam
711 3410 839 3485 usualis
856 3423 1003 3484 monete
1028 3410 1139 3484 sootie
1155 3435 1219 3506 pro
1237 3422 1400 3507 tempore
1425 3414 1602 3484 currentis
1619 3452 1627 3470 ·
1647 3454 1655 3471 ·
1677 3455 1686 3470 ·

348 3527 526 3599 reseruato
554 3526 699 3596 domino
725 3525 749 3596 J
752 3527 862 3597 acobo
894 3524 1016 3597 Braile
1045 3525 1231 3619 capellano
1259 3525 1372 3596 libero
1403 3532 1613 3596 tenemento
1639 3527 1687 3596 de

348 3643 454 3712 domo
472 3649 509 3710 et
528 3648 606 3709 orto
632 3661 728 3710 nuno
744 3661 809 3732 per
826 3636 940 3731 ipsum
967 3639 1179 3709 inhabitatis
1205 3640 1309 3709 iuxta
1326 3648 1489 3709 tenorem
1508 3647 1605 3709 carte
1622 3634 1686 3708 sue

347 3778 411 3848 pro
429 3752 558 3845 quibus
575 3747 691 3821 soluet
708 3752 895 3822 annuatim
915 3751 1047 3821 dietam
1068 3773 1225 3823 meream
1245 3749 1373 3820 usualia
1398 3758 1544 3821 monete
1561 3749 1686 3821 Scotie

349 3865 542 3959 capellanis
568 3863 666 3934 ohori
684 3903 693 3919 ·
711 3900 719 3918 ·
737 3901 745 3918 ·
762 3861 874 3955 Apud
901 3858 1173 3935 vniuerfitatem
1199 3859 1487 3934 Abirdonensem
1515 3862 1565 3954 xij
1592 3859 1686 3932 Feb·

348 3978 453 4069 ruarij
481 3996 542 4046 an
569 3994 840 4046 n.cccc.xcvnr
864 4012 872 4029 ·
895 4015 903 4032 ·
923 4014 931 4031 ·
949 3971 1116 4046 'festibus
1133 3971 1300 4069 magistro
1319 3973 1467 4045 Andrea
1492 3971 1581 4067 Lyel
1606 3973 1686 4044 the-

348 4090 502 4164 samario
520 4083 761 4159 Abirdonenfi
781 4123 789 4139 ·
806 4083 1078 4160 AndreaBiffet
1094 4089 1225 4159 vicario
1243 4087 1287 4157 de
1305 4084 1503 4177 Inueronry
1521 4125 1528 4140 ·
1546 4083 1685 4156 Jacobo

349 4199 526 4294 Lindesay
552 4202 683 4271 artium
709 4197 879 4295 magistro
914 4242 922 4258 ·
960 4202 1105 4271 domino
1135 4199 1301 4270 Johaune
1336 4192 1568 4268 Sohorisvodo
1601 4233 1610 4250 ·
1645 4209 1685 4267 et

349 4316 503 4388 Matheo
522 4312 642 4383 Pacok
659 4314 798 4384 notario
817 4311 988 4404 publico·
