4088 5430
520 618 591 692 soa
1050 578 1356 685 naomunuu
1704 614 1874 710 [sucum

522 902 754 1019 Preceptum
773 921 906 994 Gauini
924 920 1078 1017 episcopi
1095 922 1141 994 de
1157 917 1270 994 salina
1287 923 1405 995 danda
1418 920 1632 995 Alexandro
1649 923 1738 1020 Kyd
1756 926 1870 999 fratri

520 1060 691 1134 germano
709 1044 748 1106 et
764 1035 1008 1129 propinquiori
1028 1034 1152 1107 heredi
1176 1035 1356 1126 quondam
1375 1034 1555 1108 Gabrielis
1580 1035 1667 1130 Kyd
1692 1039 1731 1110 in
1759 1048 1873 1111 tene·

521 1159 646 1220 mento
672 1150 813 1220 iacente
838 1149 931 1219 infra
956 1147 1144 1218 ciuitatem
1173 1145 1471 1220 Aberdonensem
1494 1171 1541 1219 ex
1566 1149 1732 1222 orientali
1758 1162 1872 1244 parte

522 1258 681 1333 eiusdem
699 1261 858 1333 ciuitatis
889 1260 934 1331 de
959 1282 1030 1351 quo
1056 1257 1174 1332 didius
1200 1257 1413 1332 Alexander
1438 1261 1530 1355 obijt
1555 1259 1705 1334 vestitus
1720 1300 1730 1319 ·
1748 1262 1870 1357 Apud

524 1371 635 1444 Perth
647 1373 664 1467 j
684 1372 897 1446 Decembris
913 1391 1094 1443 ranan.

525 1685 820 1782 lustramentum
837 1703 1087 1803 reiignationis
1104 1732 1245 1780 necnon
1262 1717 1361 1780 carta
1377 1707 1526 1782 Andree
1544 1711 1643 1783 Wod
1660 1713 1706 1783 de
1719 1711 1870 1806 Colpno

524 1819 629 1915 snper
664 1822 792 1917 viginti
824 1818 943 1892 solidis
970 1822 1158 1892 annuatim
1192 1820 1355 1893 leuandis
1382 1821 1428 1898 de
1458 1823 1573 1894 crofto
1597 1824 1740 1896 iacente
1769 1825 1871 1898 infra

525 1934 745 2005 territorium
763 1934 959 2005 croftorum
986 1932 1090 2027 burgi
1109 1933 1154 2004 de
1170 1930 1367 2005 Aberdeen
1388 1956 1435 2004 ex
1461 1935 1627 2006 orientali
1649 1944 1753 2029 parte
1771 1934 1871 2008 eius-

524 2047 607 2118 dem
635 2046 739 2141 burgi
765 2045 921 2117 renditis
950 2043 1088 2116 Jacobo
1115 2042 1303 2138 Lyndesay
1324 2045 1516 2117 rectoriae
1535 2045 1727 2142 Forglein·
1748 2045 1869 2141 Apud

524 2156 720 2230 Aberdeen
737 2182 762 2228 x
780 2167 819 2229 et
836 2158 872 2251 xj
892 2156 1018 2228 diebus
1036 2156 1249 2230 Decembris
1269 2176 1451 2227 mnaxx.

526 2468 652 2571 Carta
684 2492 813 2566 Jacobi
849 2488 1038 2586 Lyndesay
1062 2494 1208 2564 rectoris
1236 2493 1281 2564 de
1307 2491 1477 2588 Forglein
1503 2492 1608 2587 super
1636 2493 1711 2587 xxij
1741 2493 1869 2570 solidis

525 2607 712 2680 annuatim
739 2604 903 2676 leuandis
930 2606 975 2676 de
998 2603 1113 2675 orofto
1130 2602 1280 2676 Andree
1297 2604 1396 2676 Wod
1420 2607 1457 2677 in
1486 2606 1665 2677 territorio
1694 2608 1868 2681 orientali

525 2719 721 2791 croftorum
740 2715 844 2811 burgi
864 2716 909 2788 de
926 2715 1122 2787 Aberdene
1139 2717 1278 2809 vicarijs
1304 2724 1343 2788 et
1359 2716 1563 2810 ¹capellanis
1589 2718 1686 2789 chori
1712 2717 1868 2793 ecclefie

525 2829 742 2904 cathedralis
760 2829 883 2900 fatte·
911 2827 1136 2900 Celebrando
1153 2824 1271 2900 miffas
1296 2850 1360 2921 pro
1384 2827 1501 2900 saluto
1525 2831 1725 2902 animarum
1743 2828 1869 2904 Alex·
1948 2886 1956 2900 ‚

526 2944 628 3016 andri
651 2936 807 3033 Lindsay
823 2942 970 3012 rectoris
996 2939 1041 3010 de
1066 2939 1245 3033 Balheluy
1270 2949 1309 3011 et
1333 2939 1511 3012 Johannis
1536 2940 1691 3035 Lindsay
1716 2944 1868 3015 rebtoris

525 3056 633 3128 beate
664 3051 784 3124 Marie
811 3053 857 3123 ad
886 3053 989 3123 niues
1014 3089 1023 3106 ·
1046 3059 1085 3122 et
1110 3049 1250 3145 prouiso
1276 3053 1372 3145 qnod
1396 3052 1566 3124 collettor
1596 3053 1756 3126 tabulam
1788 3051 1868 3128 fiue

524 3165 721 3239 scabellum
732 3172 895 3257 tempore
907 3165 1139 3255 exequiarum
1151 3163 1237 3238 didti
1248 3164 1376 3237 Jacobi
1384 3162 1488 3259 super
1499 3167 1575 3237 eius
1584 3177 1866 3239 monumentum

527 3278 662 3351 locabit
679 3285 718 3347 et
735 3274 887 3347 eandem
917 3274 1026 3369 pallio
1044 3275 1188 3348 decenti
1206 3277 1388 3370 cooperiet
1411 3286 1450 3348 et
1476 3276 1666 3350 luminaria
1682 3301 1787 3350 cerea
1810 3282 1867 3351 in·

525 3392 673 3462 ueniet·
689 3387 802 3481 Apud
819 3385 992 3458 Aberden
1009 3389 1108 3480 xxvij
1126 3387 1288 3482 Januarij
1306 3408 1485 3459 ro.u.xxx.

525 3701 819 3798 lustramentum
836 3719 941 3816 super
954 3719 1193 3816 resignatione
1208 3734 1317 3815 atque
1330 3720 1443 3795 safina
1459 3723 1619 3798 eiusdem
1637 3725 1765 3798 eodem
1779 3727 1863 3799 die·

527 4037 737 4135 summaria
757 4057 1009 4151 recapitulatio
1032 4058 1253 4130 fundationis
1275 4054 1375 4130 misse
1401 4061 1609 4152 quotidiano
1630 4062 1781 4136 fundate
1798 4089 1866 4159 per

526 4170 769 4247 venerabilem
797 4171 914 4240 virum
943 4166 1123 4241 Jacobum
1154 4166 1319 4263 Lyndsay
1344 4171 1519 4243 redtorem
1550 4172 1595 4245 de
1619 4172 1797 4270 Forglene
1821 4202 1865 4250 ac

525 4283 697 4356 vicarium
722 4282 767 4353 de
786 4281 972 4376 Newtylle
998 4280 1217 4375 ohapellanis
1245 4291 1284 4353 et
1308 4283 1449 4378 vicarijs
1474 4281 1623 4357 ecclefie
1647 4286 1867 4362 cathedralis

522 4388 789 4466 Aberdonensrs
812 4404 850 4465 et
876 4416 1000 4465 eorum
1026 4388 1280 4465 succefforibus
1300 4394 1593 4488 imperpetuum·
1612 4397 1722 4492 Apud
1743 4398 1867 4472 Aber-

523 4506 607 4576 dein
624 4504 662 4598 iij
680 4502 842 4597 Januarij
862 4524 1044 4578 u.n.xxx.
