4088 5430
417 641 438 712 6
933 633 1238 708 REGISTRUM
1604 636 1757 732 [sucum

418 838 591 909 decimam
623 859 764 907 annone
794 835 831 904 in
862 834 989 905 eodem
1019 833 1098 904 loco
1123 871 1132 890 ·
1159 843 1275 905 totam
1306 834 1481 906 decimam
1509 832 1656 929 piscium
1688 859 1758 927 que

419 949 609 1041 capiuntur
625 948 663 1017 in
681 943 796 1017 stellis
806 985 815 1002 ·
834 947 1009 1016 decimam
1028 946 1072 1017 de
1088 941 1348 1040 baldwyniston
1367 969 1509 1018 annone
1526 956 1565 1018 et
1582 944 1755 1040 piscium·

420 1060 596 1131 decimam
621 1059 666 1130 de
683 1057 876 1130 Badsothel
895 1097 905 1115 ο
923 1065 1035 1128 totam
1055 1056 1230 1128 decimam
1247 1058 1341 1152 regis
1358 1058 1404 1129 de
1421 1057 1534 1153 burgo
1557 1059 1756 1130 abbirdon·

420 1172 595 1242 decimam
612 1192 736 1242 eorum
754 1193 823 1262 que
840 1165 923 1239 sunt
939 1170 1035 1239 inter
1051 1169 1139 1239 duas
1155 1191 1264 1261 aquas
1282 1192 1352 1260 que
1369 1169 1415 1240 de
1431 1179 1470 1242 et
1486 1167 1548 1263 spe
1565 1171 1755 1242 dicuntur·

421 1282 557 1354 Villam
577 1282 621 1352 de
635 1281 737 1352 Rane
755 1303 836 1353 cum
855 1281 1081 1373 pertinentiis
1097 1278 1169 1351 suis
1187 1321 1194 1337 ·
1209 1279 1292 1350 Clat
1309 1303 1392 1351 cum
1410 1278 1557 1353 ecclesia
1574 1293 1612 1353 et
1629 1285 1757 1353 ceteris

419 1395 647 1488 pertinentiis
673 1392 743 1464 suis
768 1433 776 1449 ·
800 1387 1000 1463 Tulinestin
1027 1413 1109 1461 cum
1140 1388 1288 1464 ecclesia
1314 1403 1352 1464 et
1377 1395 1506 1465 ceteris
1530 1393 1759 1488 pertinentiis

420 1502 490 1576 suis
507 1544 515 1560 ·
533 1501 784 1576 monasterium
803 1503 947 1575 cloueth
965 1544 973 1559 ·
993 1502 1114 1574 villam
1132 1513 1171 1573 et
1187 1501 1441 1576 monasterium
1465 1505 1510 1576 de
1527 1505 1758 1576 murthillach

421 1641 503 1689 cunr
520 1620 677 1709 quinque
702 1612 858 1688 ecclesris
875 1624 913 1687 et
930 1617 1034 1686 terris
1059 1613 1191 1686 eisdem
1214 1616 1477 1708 pertinentibus
1494 1653 1503 1672 ·
1522 1614 1696 1688 Ecclesiae
1714 1617 1760 1687 de

422 1729 524 1800 Rane
541 1740 579 1801 et
603 1731 647 1801 de
673 1731 805 1822 dauyot
830 1751 913 1799 cum
938 1727 1163 1820 pertinentiis
1179 1724 1250 1797 suis
1274 1767 1282 1784 ·
1303 1724 1487 1801 ecclesiam
1516 1728 1561 1799 de
1579 1725 1767 1800 Ochtirles

422 1865 503 1913 cum
529 1843 756 1934 pertinentiis
772 1840 842 1911 suis
860 1835 1069 1911 ·eccles1am
1088 1839 1132 1908 de
1151 1838 1417 1927 Inuercroudan
1435 1863 1517 1912 cum
1534 1842 1760 1933 pertinentiis

421 1951 491 2023 suis
513 1993 521 2010 ·
540 1949 724 2025 ecclesiam
750 1954 795 2023 de
821 1951 998 2043 Balheluy
1023 1972 1106 2020 cum
1131 1951 1358 2042 pertinentiis
1382 1949 1453 2023 suis
1474 1989 1483 2008 ·
1505 1950 1689 2024 ecclesiam
1715 1953 1761 2023 de

421 2060 528 2134 Brals
537 2087 619 2135 cum
637 2065 862 2157 pertinentiis
880 2061 949 2133 suis
967 2056 1151 2133 ecclesiam
1165 2062 1209 2131 de
1223 2062 1417 2157 dulmayok
1431 2086 1514 2135 cum
1532 2066 1759 2156 pertinentiis

420 2173 491 2247 suis
503 2214 511 2231 ·
525 2172 709 2249 ecclesiam
723 2176 768 2246 de
781 2174 989 2266 banquhory
1000 2172 1166 2265 dewynik
1183 2197 1265 2246 curn
1279 2172 1349 2245 suis
1362 2177 1590 2268 pertinentiis
1604 2216 1612 2233 ·
1629 2186 1759 2248 terram

422 2288 466 2359 de
484 2287 591 2359 Ellon
609 2311 715 2380 quam
741 2283 909 2377 magister
933 2285 1113 2379 philippus
1136 2289 1254 2356 tenuit
1272 2324 1280 2342 ·
1298 2287 1422 2359 villam
1439 2288 1484 2359 de
1502 2287 1706 2358 Fethirneir
1722 2299 1761 2359 et

422 2395 606 2471 ecclesiam
623 2423 704 2470 cum
722 2397 793 2469 suis
810 2398 1037 2490 pertinentiis
1056 2437 1064 2454 ·
1078 2397 1200 2469 villam
1218 2420 1289 2489 que
1306 2400 1375 2469 suit
1388 2395 1548 2471 Bastiani
1565 2398 1760 2494 presbyteri

421 2536 501 2583 curn
528 2513 755 2604 pertinentiis
780 2508 849 2580 suis
867 2548 875 2565 ·
893 2509 1014 2580 villam
1040 2532 1110 2601 que
1135 2512 1206 2580 fuit
1226 2508 1392 2581 Achelid’
1417 2509 1518 2582 secus
1543 2510 1760 2584 Abbirdon·

422 2623 592 2695 Preterea
615 2623 807 2694 monachos
828 2619 898 2693 five
916 2622 1104 2693 canonicos
1122 2623 1158 2691 in
1177 2631 1241 2693 tua
1265 2623 1460 2694 cathedrali
1486 2619 1634 2696 ecclesia
1658 2627 1761 2698 iuxta

421 2732 683 2829 dispositionem
702 2744 801 2806 tuam
818 2730 1027 2805 instituendi
1048 2733 1197 2805 liberam
1223 2734 1437 2805 authoritate
1453 2731 1545 2805 sedis
1570 2732 1760 2828 apostolice

421 2848 552 2919 habeas
577 2847 787 2920 facultatem
813 2887 821 2902 ·
847 2845 1084 2917 Decernimus
1111 2869 1195 2939 ergo
1219 2854 1260 2916 vt
1284 2844 1376 2917 nulli
1400 2848 1547 2917 omnino
1573 2847 1760 2919 hominum

421 2959 529 3030 liceat
549 2956 764 3052 supradictas
789 2955 974 3051 personam
995 2954 1180 3031 ecclesiam
1201 2967 1338 3029 temere
1360 2959 1570 3059 perturbare
1594 2971 1658 3032 ant
1683 2962 1760 3031 eius

421 3065 644 3162 possessiones
668 3070 808 3141 auferre
824 3080 889 3140 aut
905 3069 1043 3141 ablatas
1067 3071 1223 3142 retinere
1242 3068 1304 3141 seu
1329 3067 1546 3162 quibussibet
1563 3073 1761 3144 vexationi-

422 3182 489 3252 bus
506 3182 680 3277 fatigare·
698 3179 757 3252 sed
784 3181 923 3253 illibata
939 3183 1059 3252 omnia
1076 3191 1115 3252 et
1132 3183 1272 3275 integra
1294 3179 1549 3252 consementnr
1574 3185 1608 3253 in
1636 3207 1760 3254 eornm

421 3315 485 3386 pro
511 3316 661 3385 quorum
694 3293 954 3387 gubernatione
983 3304 1022 3365 et
1051 3289 1309 3366 sustentatione
1343 3291 1503 3366 concessa
1531 3293 1614 3367 sunt
1642 3292 1761 3367 usibus

421 3406 634 3476 omnimodis
659 3406 870 3498 profutura·
890 3403 999 3476 Salva
1018 3405 1187 3475 nimirum
1204 3402 1396 3498 apostolice
1414 3403 1505 3477 sedis
1522 3409 1734 3480 authoritate
1751 3449 1760 3466 ·

421 3516 557 3609 Siqua
586 3519 696 3612 igitur
724 3518 760 3586 in
791 3518 952 3587 futurum
987 3512 1222 3588 ecclesiastica
1250 3515 1459 3589 secularisve
1493 3517 1641 3611 persona
1665 3522 1761 3593 hanc
1821 3612 1824 3619 Ι

421 3625 539 3698 nostre
573 3625 837 3699 constitutionis
871 3630 1036 3722 paginam
1065 3624 1179 3698 sciens
1209 3638 1334 3701 contra
1361 3652 1441 3701 eam
1475 3638 1612 3702 temere
1638 3636 1761 3703 venire

422 3742 654 3831 temptauerit
669 3738 825 3811 secundo
842 3742 995 3810 tertiove
1020 3741 1239 3811 commonita
1255 3735 1318 3811 nisi
1341 3737 1644 3834 presumptionem
1661 3740 1760 3815 suam

421 3874 579 3944 congrua
594 3849 826 3923 satiffattione
850 3853 1044 3922 correxerit
1069 3847 1256 3943 potestatis
1279 3850 1491 3944 honorisque
1507 3850 1559 3923 sui
1582 3855 1760 3949 dignitate

422 3972 541 4033 careat
566 3985 662 4034 ream
680 3985 751 4054 que
768 3961 805 4033 se
822 3964 942 4033 divino
967 3963 1099 4033 iudicio
1115 3958 1269 4034 existere
1286 3964 1331 4034 de
1348 3975 1553 4057 perpetrata
1569 3968 1760 4058 iniquitate

421 4072 610 4168 cognoscat
640 4086 677 4145 et
708 4100 729 4146 a
755 4070 981 4147 sacratissimo
1016 4098 1163 4168 corpore
1196 4085 1235 4146 et
1263 4073 1434 4170 sanguine
1469 4078 1526 4148 dei
1556 4088 1594 4149 et
1624 4080 1758 4152 domini

421 4188 656 4280 redemptoris
689 4183 799 4257 nostri
828 4183 942 4258 Jhesu
971 4182 1102 4259 Christi
1137 4187 1254 4259 aliena
1285 4186 1349 4257 fiat
1382 4198 1491 4279 atque
1524 4192 1562 4259 in
1597 4201 1760 4264 extremo

421 4301 587 4369 examine
613 4293 769 4368 distritte
786 4297 913 4368 vltioni
936 4294 1117 4370 subiaceat
1135 4337 1143 4355 ·
1162 4296 1311 4372 Constis
1328 4308 1451 4370 autem
1468 4301 1585 4372 eidem
1604 4302 1683 4375 loco
1698 4302 1761 4376 sua

421 4412 499 4480 iura
514 4408 739 4480 seruantibus
757 4403 800 4477 srt
816 4431 886 4501 pax
905 4409 1041 4479 domini
1057 4404 1167 4479 nostri
1181 4407 1294 4480 Jhesu
1307 4405 1437 4480 Christi
1451 4421 1629 4502 quatenus
1646 4426 1685 4487 et
1702 4417 1760 4488 hic

347 4598 351 4603 ,
422 4524 576 4593 liuttuni
594 4521 687 4591 bone
704 4519 852 4590 aetionis
868 4522 1067 4612 percipiant
1079 4530 1118 4593 et
1130 4521 1224 4613 apud
1238 4516 1435 4592 distrittum
1453 4523 1609 4596 iudicem
1625 4530 1761 4618 premia
