4088 5430
296 627 380 723 xa]
761 627 1166 703 Assnunounusn.
1563 642 1634 713 aaa

296 851 445 919 quorum
463 829 608 920 quidem
626 827 811 899 literarum
830 869 838 885 ·
854 868 886 885 ··
905 828 1076 900 leduram
1093 832 1254 923 prefatus
1266 829 1462 902 Villelmus
1476 831 1634 926 BIynde·

295 936 357 1010 seii
383 977 391 994 ·
416 978 425 996 ·
451 977 459 994 ·
485 942 658 1011 accedens
688 941 733 1010 ad
764 941 910 1010 domum
940 942 1175 1035 principalem
1206 942 1290 1012 dieti
1325 943 1461 1013 domini
1489 944 1632 1017 Valteri

294 1051 453 1147 Ogilvy·
480 1092 488 1109 ·
517 1092 525 1108 ·
550 1052 635 1122 viiie
663 1054 707 1123 de
735 1052 953 1145 Auehleuyn
983 1052 1149 1124 omuibus
1177 1053 1255 1145 alijs
1285 1051 1428 1126 seclusis
1453 1056 1632 1148 prefatum

293 1160 501 1258 magistrum
521 1164 758 1235 Laureneium
784 1161 1017 1257 personaliter
1042 1167 1079 1234 in
1102 1165 1233 1236 didam
1258 1165 1405 1236 domum
1431 1169 1633 1239 introduxit

294 1270 429 1367 sibique
455 1299 518 1368 per
544 1289 639 1346 terre
657 1285 695 1346 et
713 1275 840 1367 lapidis
865 1278 980 1369 primo
998 1287 1037 1345 et
1055 1276 1185 1347 deinde
1203 1279 1307 1347 vnius
1333 1277 1468 1370 denarij
1486 1282 1632 1350 nomine

294 1383 508 1479 posseffiouis
529 1385 616 1459 dieti
633 1389 742 1458 annui
768 1388 930 1458 redditus
948 1388 1205 1458 traditionem·
1224 1426 1231 1442 ·
1249 1426 1257 1443 ·
1275 1384 1518 1481 poiseflionem
1543 1389 1633 1461 eius·

294 1501 375 1570 dem
403 1500 550 1570 tradidit
572 1538 580 1554 ·
605 1539 613 1554 ·
637 1539 645 1554 ·
669 1496 774 1592 snper
799 1489 928 1591 quibus
953 1501 1119 1571 omnibus
1137 1539 1145 1555 ·
1165 1541 1173 1555 ·
1192 1540 1200 1556 ·
1220 1498 1387 1596 magister
1412 1501 1630 1574 Laurenoiuo

295 1612 388 1705 Pyot
407 1652 414 1668 ·
434 1652 441 1668 ·
461 1652 468 1667 ·
488 1612 594 1704 petijt
619 1610 802 1703 publicum
832 1608 1110 1682 instrumentum
1138 1649 1146 1666 ·
1171 1653 1179 1667 ·
1205 1653 1213 1666 ·
1236 1612 1333 1683 nna
1356 1654 1364 1668 ·
1390 1654 1397 1669 ·
1426 1653 1433 1668 ·
1461 1616 1497 1682 in
1525 1615 1630 1685 domo

292 1723 478 1818 principali
498 1723 582 1793 ville
600 1723 644 1792 de
658 1722 883 1817 Anohlewyn
898 1764 905 1779 ·
923 1763 931 1780 ·
951 1764 958 1779 ·
975 1721 1226 1794 Prosentibus·
1244 1761 1253 1778 ·
1271 1723 1315 1794 ,J
1319 1723 1459 1794 ohanne
1477 1724 1628 1796 Roberti

294 1835 454 1906 Henrioo
476 1834 651 1906 Johannis
672 1834 809 1906 Thoma
831 1833 962 1905 Betson
985 1834 1147 1905 -Jacobo
1167 1834 1306 1927 Wythe
1323 1875 1331 1891 ·
1349 1834 1486 1907 Jaoobo
1513 1837 1629 1908 Souk-

293 1946 365 2019 star
386 1989 394 2004 ·
414 1946 589 2018 Villelmo
614 1946 789 2017 Johannis
815 1945 947 2018 dietam
976 1945 1095 2016 villam
1123 1946 1407 2018 inhabitantibus
1427 1984 1435 2001 ·
1455 1947 1629 2020 Vilielmo

293 2062 337 2130 de
354 2059 507 2131 Camera
525 2100 532 2115 ·
552 2069 588 2129 et
607 2058 782 2130 Villelmo
801 2059 943 2130 Ricardi
964 2099 971 2114 ·

291 2395 402 2467 Carta
419 2397 635 2468 venditionis
652 2395 811 2467 Johanni
836 2394 920 2466 Clat
946 2397 1055 2467 annui
1081 2396 1244 2466 redditus
1270 2392 1332 2466 sex
1358 2418 1557 2469 marcarum
1583 2398 1629 2468 de

291 2511 395 2579 terris
413 2509 458 2579 de
477 2509 693 2600 Anoblouyn
712 2548 719 2563 ·

293 2709 527 2804 Laurenoius
545 2732 627 2803 Piot
645 2731 913 2803 archidiaconus
931 2725 1078 2801 ecolesre
1092 2727 1360 2802 Aberdonenfis
1373 2770 1381 2786 ·
1395 2770 1403 2786 ·
1418 2771 1426 2785 ·
1442 2732 1629 2804 Noueritis

291 2869 350 2916 rne
368 2885 376 2901 ·
396 2885 404 2900 ·
424 2886 431 2900 ·
451 2841 643 2915 vendidisse
662 2885 669 2900 ·
690 2884 697 2898 ·
717 2884 725 2900 ·
744 2842 767 2913 J
770 2841 902 2913 ohanni
921 2841 1004 2913 Clat
1027 2844 1199 2913 canonico
1218 2840 1466 2914 Aberdonensr
1485 2885 1492 2901 ·
1512 2884 1520 2901 ·
1540 2885 1548 2900 ·
1567 2868 1629 2916 an-

291 2981 403 3027 nuum
421 2957 601 3026 redditum
621 2954 680 3026 sex
697 2978 896 3026 marcarum
914 2992 922 3008 ·
941 2994 949 3010 ·
969 2995 976 3010 ·
996 2956 1041 3024 de
1060 2955 1163 3023 terris
1182 2954 1226 3024 de
1240 2953 1455 3048 Auohlevyn
1474 2996 1482 3011 ·
1503 2995 1510 3011 ·
1531 2997 1539 3011 ·
1558 2979 1628 3048 que

292 3067 374 3138 sunt
399 3067 533 3137 domini
562 3067 702 3138 Valteri
730 3066 774 3136 de
800 3065 958 3161 Oggilvy
983 3067 1028 3136 do
1055 3063 1258 3137 Deikfurde
1285 3065 1411 3136 militis
1439 3090 1503 3159 pro
1531 3078 1628 3141 certa

290 3177 427 3250 summa
452 3180 603 3272 pecunie
630 3178 716 3247 mihi
736 3217 743 3232 ·
763 3218 770 3233 ·
792 3217 800 3234 ·
819 3176 999 3271 persoluta
1015 3178 1109 3248 vnde
1134 3199 1194 3247 me
1219 3185 1432 3247 contentum
1458 3187 1565 3250 teneo
1590 3189 1628 3252 et

290 3291 445 3361 fideliter
465 3289 690 3384 persolutum
717 3328 725 3343 ·
750 3327 758 3344 ·
785 3326 793 3343 ·
820 3288 928 3382 Apud
958 3289 1130 3360 Aberdon
1158 3288 1278 3358 ixdie
1305 3284 1436 3359 monsrs
1462 3288 1628 3362 Odobris

291 3426 385 3473 anno
411 3401 558 3473 Domini
585 3422 800 3473 ucccounu
820 3440 828 3457 ·
846 3399 1010 3470 Testibus
1036 3401 1168 3471 ibidem
1195 3396 1371 3494 magistris
1389 3399 1537 3472 Andrea
1560 3401 1633 3496 Fyi

291 3515 461 3583 canonico
480 3509 752 3584 Aberdoneusr·
774 3512 973 3582 Laureuoio
998 3509 1164 3582 Dunoani
1183 3549 1191 3565 ·
1210 3533 1350 3581 necnon
1377 3512 1530 3583 dominis
1550 3514 1629 3585 An·

291 3625 376 3694 drea
394 3623 562 3696 Nioholai
580 3624 711 3695 vicario
729 3625 774 3694 de
793 3622 939 3716 Rathyn
957 3661 966 3678 ·
985 3622 1140 3695 Patricio
1160 3622 1345 3694 Meldrum
1363 3623 1548 3716 capellano
1566 3664 1574 3681 ·

291 3960 423 4033 Balliui
443 3961 489 4034 ad
505 3957 654 4032 safinam
673 3959 826 4031 dandam
845 4000 852 4016 ·

289 4155 489 4258 Vniuerfis
515 4191 639 4277 pateat
662 4222 670 4238 ·
697 4222 704 4239 ·
730 4223 738 4238 ·
764 4204 824 4252 me
850 4180 1091 4252 Laurencium
1120 4179 1211 4272 Pyot
1230 4215 1237 4232 ·
1256 4217 1264 4236 ·
1281 4217 1289 4234 ·
1308 4182 1491 4254 dominum
1517 4190 1627 4257 annui

288 4298 450 4369 redditus
475 4294 538 4367 sex
563 4316 763 4365 marearum
790 4293 835 4364 de
860 4293 965 4364 terris
991 4291 1035 4361 de
1057 4290 1286 4384 Auohlewyu
1311 4333 1352 4350 ··
1381 4293 1627 4371 ·00nstituiffe

288 4407 578 4479 ...Johannem
606 4401 793 4499 Lyndesay
819 4407 863 4477 de
890 4403 1053 4495 Seytoun
1079 4426 1201 4474 meum
1230 4404 1406 4477 balliuum
1424 4445 1431 4460 ·
1449 4445 1457 4462 ·
1474 4444 1483 4462 ·
1501 4433 1628 4484 conoe-

289 4525 436 4594 dentem
453 4519 592 4613 prefato
609 4517 767 4590 Johanni
785 4557 793 4574 ·
813 4557 821 4573 ·
841 4557 849 4573 ·
867 4514 1066 4611 plenariam
1086 4511 1303 4609 potestatem
1322 4557 1330 4574 ·
1350 4558 1359 4575 ·
1378 4559 1386 4575 ·
1405 4519 1451 4591 ad
1469 4521 1627 4595 dandum

925 4634 946 4698 2
965 4647 995 4698 u
