4088 5430
711 594 714 599 ’
869 603 1174 678 REGISTRUM
1536 602 1696 698 [sucum

771 872 937 945 Domum
956 892 1007 944 nn
1026 870 1182 945 Fonan
1202 911 1210 927 ·

645 1038 834 1114 Glaffauch
852 1065 934 1113 cum
953 1041 1160 1113 molendino
1177 1043 1234 1135 ·iij·
1253 1052 1372 1114 aratra
1393 1082 1400 1094 ·

356 1157 532 1230 affedatur
548 1179 611 1249 pro
630 1157 688 1226 ·ix·
707 1154 767 1225 lib
785 1164 823 1225 et
836 1155 906 1246 ·xij·
922 1157 956 1225 ὕ
977 1155 1153 1226 frumenti
1173 1194 1181 1209 ·

736 1263 911 1360 Magistro
928 1265 1140 1338 Alexandro
1156 1262 1290 1360 Ogilvy
1312 1306 1319 1321 ·

630 1488 731 1560 Villa
747 1484 895 1560 eoeleste
913 1498 951 1558 et
968 1487 1178 1562 Petehadlie
1195 1491 1255 1582 ·iij·
1274 1502 1392 1560 aratra
1412 1533 1419 1547 ·

356 1602 532 1675 affedatur
549 1625 612 1695 pro
629 1602 673 1694 ·ij·
690 1600 819 1672 celdris
836 1601 1007 1671 frumenti
1026 1636 1034 1653 ·

527 1711 702 1808 Magistro
720 1711 911 1784 Willelmo
928 1711 1061 1807 Ogilvy
1078 1713 1124 1784 de
1142 1712 1355 1784 Stratherne
1371 1712 1481 1783 militi
1504 1753 1511 1768 ·

675 1937 857 2032 Burgagia
873 1936 958 2007 ville
975 1932 1123 2008 eoeleste
1140 1938 1186 2007 de
1204 1935 1336 2008 Fordis
1351 1976 1359 1991 ·

356 2055 486 2125 Creata
503 2052 572 2121 fuit
590 2050 658 2120 hec
676 2049 762 2121 villa
778 2049 823 2120 de
837 2045 969 2119 Fordis
978 2051 1016 2118 in
1026 2048 1140 2120 libero
1156 2049 1270 2144 burgo
1286 2048 1434 2120 b'aronie
1447 2072 1511 2141 per
1528 2046 1697 2122 illustris-

354 2162 481 2235 fimum
495 2164 693 2257 principem
704 2161 728 2232 J
730 2161 882 2234 aeobum
895 2170 1063 2253 quartum
1077 2159 1268 2233 Scotorum
1282 2183 1405 2256 regem
1418 2161 1462 2232 ad
1475 2158 1693 2233 instanciam

354 2276 541 2348 reuerendi
566 2276 603 2344 in
630 2271 770 2344 Christo
788 2275 899 2367 patris
925 2272 1105 2344 Willelmi
1129 2276 1252 2345 diuina
1277 2270 1504 2345 miseratione
1533 2271 1691 2367 episcopi

354 2383 621 2461 Aberdonenfis
640 2427 648 2441 ·

901 2598 1122 2670 Auhmmm
1141 2638 1148 2654 ·

698 2824 886 2895 Auldrane
904 2822 988 2892 Clat
1005 2821 1105 2893 Auld
1123 2822 1320 2895 Aberdeen
1340 2864 1348 2881 ·

356 2940 451 3011 Item
466 2939 551 3010 villa
564 2939 609 3008 de
619 2937 808 3008 Auldrane
822 2934 908 3005 villa
919 2935 963 3005 de
976 2934 1060 3006 Clat
1077 2945 1116 3005 et
1126 2933 1212 3007 villa
1228 2938 1360 3007 veteris
1379 2935 1555 3006 Aberdon
1570 2932 1697 3006 fimili-

354 3064 411 3124 ter
438 3065 558 3123 create
588 3051 735 3120 fuerunt
763 3051 800 3118 in
826 3047 947 3118 liberis
972 3047 1094 3141 burgis
1119 3047 1267 3119 baronio
1284 3072 1348 3142 per
1370 3048 1484 3118 dictos
1514 3071 1635 3142 regem
1655 3063 1694 3119 et

355 3166 543 3234 dominum
556 3160 759 3254 episcopum
781 3214 788 3229 .

356 3387 634 3458 Memorandum
653 3385 748 3476 quod
764 3383 916 3454 clericus
941 3382 1174 3474 perrochialis
1201 3382 1245 3452 de
1264 3383 1399 3453 Fordis
1409 3393 1562 3476 occupat
1581 3408 1693 3476 quan-

355 3501 436 3572 dam
462 3492 682 3569 manfionem
702 3494 788 3564 ville
814 3495 859 3564 de
886 3491 1016 3562 Fordis
1035 3517 1117 3563 cum
1144 3503 1223 3564 orto
1249 3505 1287 3565 et
1315 3496 1433 3566 erofto
1459 3497 1504 3566 ad
1534 3494 1692 3567 valorem

355 3613 506 3685 ,duarum
535 3631 736 3680 marcarum
762 3616 799 3676 et
826 3606 977 3675 duarum
1003 3604 1181 3675 bollarum
1206 3602 1380 3677 frumenti
1398 3630 1443 3677 ex
1467 3603 1693 3700 impofitione

355 3723 490 3793 domini
508 3719 665 3790 Walteri
684 3717 818 3812 Ogiluy
835 3715 961 3787 militis
979 3727 1017 3786 et
1031 3739 1127 3787 nunc
1145 3717 1190 3787 de
1209 3716 1419 3788 tollerancia
1439 3719 1599 3788 domini·

356 3945 633 4018 Memorandum
648 3941 743 4035 quod
758 3939 916 4011 Ditauch
930 3950 968 4011 et
981 3940 1193 4012 Braehaueh
1211 3943 1398 4034 pertinent
1415 3938 1564 4013 eoeleste
1576 3940 1694 4013 Aber-

354 4052 500 4129 donenfi
519 4066 558 4125 vt
584 4057 620 4125 in
639 4052 765 4124 rotulis
790 4054 947 4144 antiquis
968 4048 1212 4144 episcoporum
1235 4052 1393 4124 eiusdem
1413 4064 1453 4124 et
1471 4077 1570 4125 nunc
1587 4077 1694 4125 occu·

352 4178 435 4263 pate
452 4191 516 4260 per
533 4167 718 4237 dominum
730 4165 774 4234 de
793 4160 973 4235 Desszfurd
992 4205 999 4219 ·

799 4390 932 4461 Parcus
954 4389 998 4458 de
1017 4386 1239 4459 Galchollis·

344 4508 469 4606 jacens
507 4506 598 4575 infra
636 4503 772 4574 dmum
801 4503 1002 4572 dominium
1033 4501 1078 4570 de
1108 4498 1237 4570 Fordis
1260 4510 1406 4571 tenetur
1436 4503 1617 4594 incapite
1648 4505 1694 4573 de
