4058 5430
331 646 403 711 ΒΜ
850 632 1155 707 REGISTRUM
1526 633 1681 728 [sucum

333 835 508 927 Campbel
526 844 564 904 et
583 833 702 904 Lorne
720 831 933 903 cancellario
952 829 1071 902 nostro
1090 873 1098 888 ·
1119 831 1277 902 Patricio
1294 832 1428 902 comite
1446 832 1491 901 de
1509 829 1683 901 Bothuile

335 949 480 1017 domino
507 945 612 1015 Halis
635 954 695 1014 etc
724 984 731 1000 ·
760 942 928 1013 Johanne
955 945 1101 1014 domino
1127 941 1317 1034 Glemmys
1341 941 1511 1013 Johanne
1536 943 1683 1013 domino

337 1057 563 1128 Drummond
581 1051 781 1147 iusticiarijs
800 1051 928 1124 nostris
943 1096 951 1112 ·
966 1054 1177 1125 Alexandro
1192 1052 1325 1124 mee
1343 1054 1387 1123 de
1406 1054 1533 1125 eodem
1551 1077 1683 1148 magno

335 1171 530 1240 camerario
560 1162 680 1236 nostro
711 1206 719 1222 ·
752 1164 944 1235 Willelmo
978 1166 1125 1236 domino
1159 1163 1268 1235 santii
1303 1165 1481 1236 Johannis
1514 1162 1683 1259 magistro

337 1277 481 1374 hospicii
509 1275 617 1348 nostri
644 1302 685 1348 ac
711 1274 832 1346 nostro
859 1274 1077 1347 thesaurario
1096 1317 1104 1332 ·
1124 1275 1337 1347 Venerabili
1355 1278 1393 1346 in
1412 1273 1554 1346 Christo
1579 1290 1682 1369 putre

336 1392 504 1463 Johanne
521 1391 638 1483 priore
656 1388 777 1460 Sandi
794 1387 942 1457 Andree
960 1383 1069 1457 nostri
1088 1385 1215 1459 secreti
1234 1382 1339 1481 figilli
1354 1385 1520 1459 custode·
1535 1389 1684 1460 Andrea

337 1505 483 1574 domino
514 1501 638 1593 Gray·
667 1500 868 1571 laurencio
894 1499 1042 1569 domiuo
1070 1499 1246 1591 Oliphant
1272 1540 1280 1555 ·
1308 1510 1347 1569 et
1375 1499 1514 1570 dilettis
1544 1501 1683 1570 clericis

337 1612 464 1684 nostris
491 1611 668 1706 magistris
692 1609 847 1681 Ricardo
875 1609 1047 1680 Murheid
1074 1612 1210 1681 decano
1237 1606 1448 1705 Glasguensr
1483 1608 1682 1681 nostrorum

339 1726 539 1796 rotulorum
566 1734 604 1794 et
631 1719 769 1816 registri
787 1746 829 1793 ac
853 1716 989 1813 confilij
1018 1722 1148 1792 clerico
1168 1762 1176 1777 ·
1196 1732 1233 1792 et
1253 1721 1474 1793 Archibaldo
1498 1722 1682 1806 Quhitlaw

338 1840 539 1910 subdecano
556 1831 767 1929 Glasguenli
786 1832 976 1904 secretario
993 1830 1114 1903 nostro
1133 1873 1141 1889 ·
1161 1832 1271 1926 Apud
1291 1833 1526 1927 Edinburghe
1544 1836 1604 1927 viij
1623 1836 1683 1905 die

337 1946 468 2021 menfis
487 1949 577 2040 Maij
596 1970 690 2017 anno
710 1945 857 2015 Domini
878 1964 1091 2017 u.cccc.x01
1110 1956 1148 2015 et
1165 1948 1265 2039 regni
1286 1942 1394 2015 nostri
1414 1948 1545 2015 tertio·

337 2262 633 2361 Instrumentum
675 2275 787 2351 sasrne
826 2275 991 2373 Magistri
1039 2279 1188 2351 Andree
1231 2281 1325 2352 Liell
1369 2279 1474 2373 super
1513 2293 1685 2375 precepto

337 2422 461 2492 regm-

336 2737 446 2808 Carta
462 2735 611 2805 Andree
631 2729 734 2824 hyell
752 2726 857 2822 super
874 2727 1000 2798 cadem
1020 2729 1113 2799 sada
1133 2728 1330 2820 capellanis
1350 2731 1446 2799 chori
1467 2770 1475 2786 ·

337 2939 514 3033 Andreas
541 2954 634 3025 Licll
663 2950 900 3021 thesaurarius
928 2946 1195 3019 Aherdonensrs
1222 2950 1436 3021 salutem·
1462 2992 1469 3006 ·
1495 2952 1683 3022 Noueritis

338 3074 450 3143 mein
469 3068 611 3139 laudem
630 3076 668 3134 et
690 3063 864 3132 honorem
892 3062 1152 3153 omnipotentis
1171 3061 1240 3131 Dei
1260 3074 1298 3132 et
1315 3059 1558 3156 gloriosissime
1577 3067 1685 3158 virgi·

337 3187 392 3254 nis
419 3181 538 3251 Marie
565 3177 688 3247 matris
714 3178 792 3243 eius
818 3174 1056 3242 aduocatricis
1074 3184 1111 3242 et
1131 3174 1286 3242 humano
1313 3177 1435 3267 generi
1464 3176 1683 3246 mediatricis

338 3320 400 3389 pro
418 3293 532 3364 salute
550 3291 749 3360 animarum
769 3280 1060 3354 excellentiffimi
1079 3293 1116 3353 et
1135 3282 1341 3355 serenissimi
1366 3289 1537 3379 principis
1554 3288 1681 3358 Jacobi

337 3406 516 3498 quondam
535 3399 679 3471 secundi
701 3397 769 3467 Dei
795 3397 912 3489 gratia
937 3399 1030 3487 regis
1049 3394 1239 3466 Scotorum
1267 3394 1487 3467 illustriffnni
1507 3410 1544 3468 et
1563 3398 1683 3469 Marie

336 3517 508 3588 consortis
533 3513 594 3583 sue
621 3512 742 3604 regine
770 3507 894 3579 Scotie
913 3518 950 3576 et
977 3505 1212 3598 prosperitate
1239 3506 1517 3580 metuendillimi
1546 3511 1683 3581 domini

336 3627 444 3700 nostri
465 3628 556 3720 regis
574 3624 736 3694 moderni
754 3619 881 3691 Jacobi
901 3621 1018 3708 quarti
1046 3621 1137 3712 rogis
1157 3618 1348 3690 Scotorum
1367 3619 1623 3693 antecessorum
1644 3636 1684 3692 et

337 3737 569 3812 successorum
589 3736 729 3804 suorum
759 3755 822 3824 pro
849 3727 1034 3819 saluteque
1052 3733 1251 3801 animarum
1279 3736 1389 3824 patris
1414 3737 1483 3804 urci
1503 3746 1540 3804 et
1559 3737 1685 3804 matris

338 3876 418 3922 mee
436 3852 667 3938 omniumque
685 3844 846 3914 fidelium
867 3841 1117 3911 desunttormn
1136 3853 1174 3913 et
1192 3848 1361 3936 precipue
1379 3869 1501 3915 eorum
1521 3850 1683 3923 onnriurn

338 3963 467 4054 quihus
481 3980 656 4051 vncquam
672 3957 815 4026 debitor
832 3955 882 4022 sui
903 3966 940 4020 et
959 3975 1069 4043 penes
1083 3977 1172 4044 quos
1185 3955 1390 4045 aliqualiter
1408 3959 1442 4025 in
1462 3958 1530 4027 hoc
1548 3959 1685 4027 mundo

340 4073 474 4163 deliqui
509 4081 572 4139 aut
608 4069 652 4138 de
687 4090 811 4137 eorum
841 4065 943 4133 bonis
970 4065 1269 4157 qualitercunque
1300 4067 1409 4138 habui
1445 4066 1575 4138 dedill'e
1602 4107 1610 4122 ·
1638 4110 1645 4124 ·
1677 4112 1684 4125 ·

339 4182 579 4273 omnipotenti
611 4179 690 4249 Deo
721 4190 759 4249 et
787 4176 847 4248 sue
877 4172 1121 4268 gloriofissimc
1151 4180 1315 4270 genitrici
1348 4204 1389 4249 ac
1420 4180 1614 4271 capellanis
1646 4186 1683 4252 in

340 4296 447 4365 choro
464 4288 612 4361 ecclesie
639 4290 856 4362 cathedralis
875 4284 1142 4358 Aberdonensrs
1160 4291 1282 4359 diuina
1307 4292 1421 4361 officia
1439 4293 1571 4362 cotidie
1590 4294 1686 4363 celc-

339 4405 526 4477 brantibus
550 4415 587 4472 et
614 4425 736 4472 eorum
765 4394 1016 4470 succeslhribus
1034 4441 1041 4455 ·
1062 4441 1068 4453 ·
1091 4424 1272 4472 annuam
1301 4398 1504 4494 pensionem
1525 4406 1686 4496 quinque

341 4520 509 4589 librarum
535 4557 542 4571 ·
568 4556 576 4570 ·
602 4555 610 4570 ·
636 4514 827 4584 leuandam
853 4513 896 4581 ad
924 4509 1012 4581 duos
1041 4516 1125 4583 anni
1154 4516 1325 4583 terminos
1352 4512 1539 4586 consuetos
1566 4523 1687 4607 penti-
