4088 5430
351 592 396 663 62
620 627 624 636 ·
865 584 1170 660 REGISTBUM
1536 591 1688 687 [sucum

349 785 555 880 supradidis
579 825 587 842 ·
613 785 659 858 ln
688 782 934 859 testimonium
959 806 1044 856 roro
1073 779 1318 879 premifforum
1344 781 1501 882 sigillum
1530 785 1690 860 nostrum

350 899 500 970 fecimus
516 898 646 993 apponi
666 938 674 955 ·

350 1223 460 1295 Carta
486 1222 701 1295 venditionis
727 1229 904 1293 terrarum
921 1221 967 1293 de
984 1218 1235 1316 Ledyntosaoh
1252 1230 1290 1293 et
1314 1220 1485 1295 Rotmase
1510 1223 1604 1297 sada
1627 1248 1691 1319 per

351 1333 597 1540 ffiffibabn
628 1332 740 1406 filiam
770 1333 950 1425 quondam
976 1330 1060 1405 Ado
1090 1333 1136 1404 de
1162 1331 1265 1405 Rane
1291 1334 1451 1407 Henrioo
1482 1336 1527 1407 de
1559 1333 1690 1410 sonoro

353 1646 548 1745 Vniuersrs
564 1669 632 1742 hoo
649 1667 820 1763 scriptum
837 1666 962 1741 visuris
981 1669 1038 1741 vel
1065 1668 1240 1742 audituris
1262 1669 1471 1767 Mergareta
1486 1671 1563 1748 filia
1579 1700 1690 1769 quon·

353 1784 435 1855 dam
454 1781 537 1854 Ade
554 1783 599 1853 de
617 1779 721 1855 Itane
747 1781 882 1852 domini
908 1781 953 1853 de
981 1778 1230 1875 Ledyntosaoh
1249 1793 1287 1855 et
1305 1772 1475 1857 Rotmase
1492 1787 1531 1858 in
1548 1786 1584 1860 le
1600 1786 1691 1860 Gar-

353 1894 457 1967 uiaoh
468 1890 619 1967 salutem
633 1895 670 1965 in
683 1892 840 1965 Domino
851 1890 1120 1986 sempiternam·
1133 1893 1274 1965 noverit
1285 1892 1496 1982 vniuerfitas
1506 1894 1622 1971 vestra
1631 1922 1690 1971 me

353 2029 426 2079 nou
444 2006 479 2077 vi
497 2002 557 2078 ssu
575 2014 676 2077 metu
694 2000 901 2097 cuiusquam
919 2004 1103 2076 choadam
1121 2027 1189 2078 neo
1206 2004 1296 2078 dolo·
1309 2004 1371 2079 seu
1388 2007 1515 2081 fraude
1540 2013 1691 2084 eircum-

354 2128 500 2192 rentum
526 2115 580 2191 sot
605 2141 686 2191 mea
702 2116 898 2212 spontanea
915 2115 1103 2188 voluntate
1123 2138 1193 2191 vna
1210 2139 1293 2190 oum
1310 2115 1445 2192 offensu
1462 2130 1500 2194 et
1521 2120 1691 2196 consensu

357 2230 522 2304 Dunoaui
548 2230 593 2303 do
619 2225 842 2303 Roffotweth
866 2229 986 2300 mariti
1015 2227 1088 2299 mei
1113 2237 1151 2300 et
1180 2226 1348 2324 Hugonis
1373 2232 1428 2318 de·
1441 2231 1689 2328 Ledyntosaoh

355 2344 417 2438 fllij
437 2345 508 2416 mei
526 2352 564 2415 et
582 2342 722 2414 heredis
737 2334 938 2415 oonoeffiffe
954 2363 996 2413 ao
1012 2337 1147 2433 precise
1160 2337 1353 2414 vendidiffe
1369 2367 1437 2416 neo
1454 2369 1527 2418 non
1545 2349 1690 2419 omnino

355 2458 391 2527 in
411 2466 625 2550 perpetuum
641 2477 706 2547 pro
724 2475 783 2524 me
803 2450 995 2525 heredibus
1012 2451 1102 2523 meis
1119 2451 1387 2547 quibuscunque
1405 2459 1564 2549 quietam
1582 2459 1690 2531 olam-

355 2564 424 2639 ass'o
453 2577 492 2639 et
520 2566 588 2639 huo
618 2562 771 2660 presenti
803 2574 1012 2638 sodames
1040 2559 1258 2637 confirmatis
1287 2563 1449 2655 Henrioo
1483 2570 1528 2641 de
1558 2570 1689 2643 senso

357 2678 552 2778 Myohoole
569 2687 608 2749 ot
631 2676 822 2750 herodibus
847 2673 918 2748 suis
944 2684 1058 2748 totam
1084 2686 1217 2748 terram
1243 2699 1361 2749 meam
1378 2681 1424 2754 de
1443 2681 1689 2776 Ledyntosaoh

355 2815 437 2865 euru
464 2792 497 2864 iu
523 2786 674 2865 Orofflat
701 2800 739 2863 et
764 2786 935 2863 Rotmase
961 2789 1000 2859 in
1026 2787 1061 2858 le
1089 2788 1269 2865 Garuiaoh
1294 2814 1378 2863 oum
1400 2792 1565 2866 omnibus
1589 2794 1690 2868 iustis

356 2903 582 2999 pertinentiis
608 2899 677 2975 suis
704 2926 775 2975 una
799 2922 883 2975 oum
907 2900 1005 2973 omni
1030 2901 1108 2972 iure
1124 2902 1220 2994 quod
1245 2925 1313 2998 ego
1329 2903 1444 2977 habeo
1461 2903 1524 2978 seu
1540 2930 1607 3003 ego
1632 2909 1689 2980 vel
1750 2900 1757 2913 '

355 3016 504 3089 horodes
521 3015 592 3088 mei
609 3013 741 3089 habero
758 3015 956 3109 poterimus
973 3010 1012 3083 in
1028 3021 1243 3106 perpetuum
1260 3015 1418 3089 interris
1433 3021 1690 3111 prenominatis

355 3128 589 3224 proquodam
616 3125 754 3201 summa
774 3127 926 3220 pecunie
944 3147 1051 3218 quam
1068 3125 1249 3220 predidus
1266 3124 1448 3202 Henrions
1465 3131 1562 3204 dioto
1588 3131 1691 3220 Dun-

355 3263 444 3321 oonp
470 3241 599 3313 marito
626 3260 708 3312 moo
735 3237 823 3310 mihi
850 3245 888 3309 et
912 3235 1060 3332 Hugoni
1087 3236 1161 3309 filio
1190 3263 1272 3312 meo
1297 3250 1336 3313 st
1362 3241 1484 3314 heredi
1498 3244 1547 3315 'in
1572 3242 1691 3318 nostra

356 3362 504 3447 orponto
522 3346 729 3427 rrooeffitoto
746 3361 785 3423 et
800 3351 900 3447 gravi
926 3359 1139 3443 paupertate
1163 3351 1308 3445 prebuit
1328 3354 1373 3426 ad
1395 3351 1689 3429 sustentationem

355 3468 430 3539 uito
449 3488 529 3539 rrroo
546 3476 585 3537 ot
602 3465 645 3538 ad
664 3464 787 3538 debita
812 3458 931 3535 nostra
956 3462 1196 3555 adquietanda
1217 3464 1402 3558 inquibus
1426 3475 1590 3562 tempore
1606 3494 1690 3543 con-

356 3580 519 3655 i'obiiouir
549 3575 765 3675 pausantium
802 3600 887 3673 erga
923 3576 1044 3671 plures
1076 3577 1265 3650 extitimus
1294 3579 1432 3650 onerati
1466 3580 1504 3651 in
1537 3585 1690 3675 pecunia

355 3701 541 3767 uuuuoroto
568 3690 724 3787 pioumio
742 3700 780 3763 ot
797 3690 953 3763 fideliter
970 3685 1165 3783 persoluit·
1185 3686 1403 3763 Tenendam.
1424 3702 1463 3765 et
1487 3693 1688 3767 habendam

353 3806 451 3881 dioto
480 3800 638 3877 liorrrieo
666 3812 704 3877 ot
733 3801 925 3877 heredibus
953 3797 1025 3873 suis
1051 3800 1096 3873 ds
1124 3799 1338 3874 Reverendo
1363 3805 1401 3875 in
1426 3800 1566 3878 Christo
1586 3818 1687 3900 patre

352 3918 497 3993 ‹iorurioo
518 3914 691 4012 iipiiimpo
709 3908 956 3989 Aberdonsnfi
973 3911 1034 4007 qui
1059 3935 1123 4007 pro
1141 3923 1303 4009 temporo
1320 3914 1429 3988 fuerit
1445 3924 1484 3988 et
1501 3918 1577 3989 eius
1594 3921 1688 4011 oapi·

352 4030 429 4105 tulo
448 4051 510 4126 por
528 4027 606 4103 iiuur
624 4030 737 4103 uittas
764 4038 878 4101 metas
901 4036 939 4099 et
965 4023 1093 4099 divisas
1118 4035 1157 4101 et
1186 4049 1270 4099 oum
1297 4028 1462 4101 omnibus
1491 4026 1561 4101 suis
1586 4028 1687 4103 iustis

351 4141 578 4241 potionatus
604 4139 920 4215 oorurumiitotibus
945 4136 1173 4213 libertatibus
1199 4133 1370 4211 custumis
1391 4150 1430 4212 et
1449 4139 1686 4236 aysyamentis

349 4254 393 4335 td
412 4254 544 4331 attotam
572 4268 702 4330 torroru
731 4250 972 4350 ipottoutibus
990 4246 1051 4325 seu
1069 4247 1189 4343 aliquo
1213 4250 1291 4321 iure
1308 4247 1466 4345 spedtare
1483 4252 1686 4327 valentibus

349 4368 384 4445 iu
405 4368 566 4445 buturum
585 4368 674 4443 tulto
692 4364 804 4440 liboro
822 4377 860 4439 ot
877 4363 1001 4459 quieto
1017 4361 1177 4459 plenarie
1194 4371 1233 4434 et
1255 4361 1448 4437 honorifice
1465 4364 1559 4438 bene
1584 4375 1623 4438 et
1647 4367 1684 4438 in
