<?xml version="1.0" encoding="UTF-8"?>
<!DOCTYPE html PUBLIC "-//W3C//DTD XHTML 1.0 Transitional//EN"
    "http://www.w3.org/TR/xhtml1/DTD/xhtml1-transitional.dtd">
<html xmlns="http://www.w3.org/1999/xhtml" xml:lang="en" lang="en">
 <head>
  <title>
</title>
<meta http-equiv="Content-Type" content="text/html;charset=utf-8" />
  <meta name='ocr-system' content='tesseract 3.04.00' />
  <meta name='ocr-capabilities' content='ocr_page ocr_carea ocr_par ocr_line ocrx_word'/>
</head>
<body>
  <div class='ocr_page' id='page_1' title='image "./registrumepisco01innegoog_0408.png"; bbox 0 0 4088 5430; ppageno 0'>
   <div class='ocr_carea' id='block_1_1' title="bbox 348 613 1688 709">
    <p class='ocr_par' dir='ltr' id='par_1_1' title="bbox 348 613 1688 709">
     <span class='ocr_line' id='line_1_1' title="bbox 348 613 1688 709; baseline -0.001 -23"><span class='ocrx_word' id='word_1_1' title='bbox 348 623 419 693; x_wconf 68' lang='lat'>9270</span> <span class='ocrx_word' id='word_1_2' title='bbox 863 613 1167 688; x_wconf 82' lang='lat' dir='ltr'><strong>REGISTRUM</strong></span> <span class='ocrx_word' id='word_1_3' title='bbox 1533 614 1688 709; x_wconf 79' lang='lat' dir='ltr'>[sucum</span> 
     </span>
    </p>
   </div>
   <div class='ocr_carea' id='block_1_2' title="bbox 350 810 1689 1243">
    <p class='ocr_par' dir='ltr' id='par_1_2' title="bbox 350 810 1689 1243">
     <span class='ocr_line' id='line_1_2' title="bbox 350 810 1689 906; baseline 0.002 -24"><span class='ocrx_word' id='word_1_4' title='bbox 350 812 394 883; x_wconf 90' lang='lat' dir='ltr'>de</span> <span class='ocrx_word' id='word_1_5' title='bbox 418 813 549 883; x_wconf 74' lang='lat' dir='ltr'>Sanco</span> <span class='ocrx_word' id='word_1_6' title='bbox 565 811 673 885; x_wconf 87' lang='lat' dir='ltr'>Claro</span> <span class='ocrx_word' id='word_1_7' title='bbox 690 853 699 870; x_wconf 91' lang='lat'><strong>·</strong></span> <span class='ocrx_word' id='word_1_8' title='bbox 717 812 741 882; x_wconf 86' lang='lat' dir='ltr'>J</span> <span class='ocrx_word' id='word_1_9' title='bbox 743 813 883 884; x_wconf 93' lang='lat' dir='ltr'>ohanne</span> <span class='ocrx_word' id='word_1_10' title='bbox 900 813 946 883; x_wconf 89' lang='lat' dir='ltr'>de</span> <span class='ocrx_word' id='word_1_11' title='bbox 965 812 1131 884; x_wconf 90' lang='lat' dir='ltr'>Morauia</span> <span class='ocrx_word' id='word_1_12' title='bbox 1147 813 1287 906; x_wconf 85' lang='lat' dir='ltr'>vicarijs</span> <span class='ocrx_word' id='word_1_13' title='bbox 1312 815 1497 906; x_wconf 89' lang='lat' dir='ltr'>perpetuis</span> <span class='ocrx_word' id='word_1_14' title='bbox 1523 810 1689 885; x_wconf 82' lang='lat' dir='ltr'>ecclesia·</span> 
     </span>
     <span class='ocr_line' id='line_1_3' title="bbox 350 921 1687 1019; baseline 0.001 -26"><span class='ocrx_word' id='word_1_15' title='bbox 350 948 430 993; x_wconf 91' lang='lat' dir='ltr'>rum</span> <span class='ocrx_word' id='word_1_16' title='bbox 448 924 719 1017; x_wconf 89' lang='lat' dir='ltr'>perroebialium</span> <span class='ocrx_word' id='word_1_17' title='bbox 737 926 782 996; x_wconf 89' lang='lat' dir='ltr'>de</span> <span class='ocrx_word' id='word_1_18' title='bbox 796 925 1049 1019; x_wconf 87' lang='lat' dir='ltr'>Logidurnoch</span> <span class='ocrx_word' id='word_1_19' title='bbox 1062 934 1100 996; x_wconf 93' lang='lat' dir='ltr'>et</span> <span class='ocrx_word' id='word_1_20' title='bbox 1114 923 1231 1017; x_wconf 82' lang='lat' dir='ltr'>Owyn</span> <span class='ocrx_word' id='word_1_21' title='bbox 1245 963 1254 981; x_wconf 91' lang='lat'><strong>·</strong></span> <span class='ocrx_word' id='word_1_22' title='bbox 1267 924 1479 996; x_wconf 82' lang='lat' dir='ltr'>Alexandro</span> <span class='ocrx_word' id='word_1_23' title='bbox 1496 926 1541 997; x_wconf 89' lang='lat' dir='ltr'>de</span> <span class='ocrx_word' id='word_1_24' title='bbox 1556 921 1687 1018; x_wconf 85' lang='lat' dir='ltr'>Lessy·</span> 
     </span>
     <span class='ocr_line' id='line_1_4' title="bbox 351 1032 1688 1132; baseline 0.003 -27"><span class='ocrx_word' id='word_1_25' title='bbox 351 1048 390 1105; x_wconf 91' lang='lat' dir='ltr'>et</span> <span class='ocrx_word' id='word_1_26' title='bbox 405 1035 573 1108; x_wconf 89' lang='lat' dir='ltr'>Johanne</span> <span class='ocrx_word' id='word_1_27' title='bbox 590 1038 635 1109; x_wconf 93' lang='lat' dir='ltr'>de</span> <span class='ocrx_word' id='word_1_28' title='bbox 652 1035 869 1132; x_wconf 83' lang='lat' dir='ltr'>Buthirgask</span> <span class='ocrx_word' id='word_1_29' title='bbox 892 1039 1075 1131; x_wconf 81' lang='lat' dir='ltr'>armigeris</span> <span class='ocrx_word' id='word_1_30' title='bbox 1092 1076 1101 1093; x_wconf 93' lang='lat'><strong>·</strong></span> <span class='ocrx_word' id='word_1_31' title='bbox 1120 1032 1271 1108; x_wconf 87' lang='lat' dir='ltr'>testibus</span> <span class='ocrx_word' id='word_1_32' title='bbox 1294 1038 1339 1107; x_wconf 89' lang='lat' dir='ltr'>ad</span> <span class='ocrx_word' id='word_1_33' title='bbox 1365 1034 1530 1131; x_wconf 84' lang='lat' dir='ltr'>premissa</span> <span class='ocrx_word' id='word_1_34' title='bbox 1551 1040 1688 1109; x_wconf 84' lang='lat' dir='ltr'>vocatis</span> 
     </span>
     <span class='ocr_line' id='line_1_5' title="bbox 351 1149 715 1243; baseline 0.005 -25"><span class='ocrx_word' id='word_1_35' title='bbox 351 1149 485 1240; x_wconf 88' lang='lat' dir='ltr'>pariter</span> <span class='ocrx_word' id='word_1_36' title='bbox 501 1159 539 1218; x_wconf 90' lang='lat' dir='ltr'>et</span> <span class='ocrx_word' id='word_1_37' title='bbox 556 1151 688 1243; x_wconf 84' lang='lat' dir='ltr'>rogatis</span> <span class='ocrx_word' id='word_1_38' title='bbox 707 1191 715 1204; x_wconf 95' lang='lat'><strong>·</strong></span> 
     </span>
    </p>
   </div>
   <div class='ocr_carea' id='block_1_3' title="bbox 353 1481 1262 1578">
    <p class='ocr_par' dir='ltr' id='par_1_3' title="bbox 353 1481 1262 1578">
     <span class='ocr_line' id='line_1_6' title="bbox 353 1481 1262 1578; baseline 0.001 -24"><span class='ocrx_word' id='word_1_39' title='bbox 353 1483 463 1555; x_wconf 85' lang='lat' dir='ltr'>Carta</span> <span class='ocrx_word' id='word_1_40' title='bbox 479 1484 658 1578; x_wconf 87' lang='lat' dir='ltr'>Ingerami</span> <span class='ocrx_word' id='word_1_41' title='bbox 675 1483 829 1578; x_wconf 83' lang='lat' dir='ltr'>episcopi</span> <span class='ocrx_word' id='word_1_42' title='bbox 847 1486 891 1556; x_wconf 92' lang='lat' dir='ltr'>de</span> <span class='ocrx_word' id='word_1_43' title='bbox 909 1481 1066 1557; x_wconf 86' lang='lat' dir='ltr'>stallario</span> <span class='ocrx_word' id='word_1_44' title='bbox 1085 1485 1129 1555; x_wconf 91' lang='lat' dir='ltr'>de</span> <span class='ocrx_word' id='word_1_45' title='bbox 1148 1483 1237 1555; x_wconf 92' lang='lat' dir='ltr'>Deir</span> <span class='ocrx_word' id='word_1_46' title='bbox 1254 1527 1262 1543; x_wconf 90' lang='lat'><strong>·</strong></span> 
     </span>
    </p>
   </div>
   <div class='ocr_carea' id='block_1_4' title="bbox 345 1680 1688 4607">
    <p class='ocr_par' dir='ltr' id='par_1_4' title="bbox 345 1680 1688 4607">
     <span class='ocr_line' id='line_1_7' title="bbox 355 1680 1688 1803; baseline 0.001 -21"><span class='ocrx_word' id='word_1_47' title='bbox 355 1680 571 1803; x_wconf 80' lang='lat' dir='ltr'>lugeremus</span> <span class='ocrx_word' id='word_1_48' title='bbox 597 1749 605 1766; x_wconf 94' lang='lat'><strong>·</strong></span> <span class='ocrx_word' id='word_1_49' title='bbox 633 1748 641 1765; x_wconf 91' lang='lat'>·</span> <span class='ocrx_word' id='word_1_50' title='bbox 669 1749 677 1764; x_wconf 92' lang='lat'><strong>·</strong></span> <span class='ocrx_word' id='word_1_51' title='bbox 704 1706 888 1802; x_wconf 89' lang='lat' dir='ltr'>episcopus</span> <span class='ocrx_word' id='word_1_52' title='bbox 906 1705 1172 1780; x_wconf 84' lang='lat' dir='ltr'>Aberdonensrs</span> <span class='ocrx_word' id='word_1_53' title='bbox 1199 1748 1208 1764; x_wconf 89' lang='lat'><strong>·</strong></span> <span class='ocrx_word' id='word_1_54' title='bbox 1235 1750 1242 1765; x_wconf 90' lang='lat'><strong>·</strong></span> <span class='ocrx_word' id='word_1_55' title='bbox 1270 1708 1458 1781; x_wconf 87' lang='lat' dir='ltr'>·Nouerit</span> <span class='ocrx_word' id='word_1_56' title='bbox 1475 1707 1688 1783; x_wconf 85' lang='lat' dir='ltr'>vniuerfitas</span> 
     </span>
     <span class='ocr_line' id='line_1_8' title="bbox 352 1819 1688 1915; baseline 0.002 -24"><span class='ocrx_word' id='word_1_57' title='bbox 352 1819 468 1894; x_wconf 85' lang='lat' dir='ltr'>vestra</span> <span class='ocrx_word' id='word_1_58' title='bbox 492 1822 586 1913; x_wconf 91' lang='lat' dir='ltr'>quod</span> <span class='ocrx_word' id='word_1_59' title='bbox 611 1844 676 1892; x_wconf 91' lang='lat' dir='ltr'>nos</span> <span class='ocrx_word' id='word_1_60' title='bbox 694 1861 702 1878; x_wconf 92' lang='lat'><strong>·</strong></span> <span class='ocrx_word' id='word_1_61' title='bbox 722 1861 729 1877; x_wconf 94' lang='lat'><strong>·</strong></span> <span class='ocrx_word' id='word_1_62' title='bbox 749 1862 757 1876; x_wconf 94' lang='lat'><strong>·</strong></span> <span class='ocrx_word' id='word_1_63' title='bbox 775 1822 1008 1893; x_wconf 86' lang='lat' dir='ltr'>attendentes</span> <span class='ocrx_word' id='word_1_64' title='bbox 1033 1831 1137 1915; x_wconf 83' lang='lat' dir='ltr'>grata</span> <span class='ocrx_word' id='word_1_65' title='bbox 1161 1819 1384 1912; x_wconf 88' lang='lat' dir='ltr'>obsequia··</span> <span class='ocrx_word' id='word_1_66' title='bbox 1430 1820 1588 1894; x_wconf 89' lang='lat' dir='ltr'>Walteri</span> <span class='ocrx_word' id='word_1_67' title='bbox 1614 1822 1688 1894; x_wconf 93' lang='lat' dir='ltr'>Idil</span> 
     </span>
     <span class='ocr_line' id='line_1_9' title="bbox 351 1927 1688 2029; baseline 0.001 -23"><span class='ocrx_word' id='word_1_68' title='bbox 351 1934 574 2028; x_wconf 88' lang='lat' dir='ltr'>prebendarij</span> <span class='ocrx_word' id='word_1_69' title='bbox 593 1934 638 2004; x_wconf 93' lang='lat' dir='ltr'>de</span> <span class='ocrx_word' id='word_1_70' title='bbox 656 1932 746 2003; x_wconf 86' lang='lat' dir='ltr'>Deir</span> <span class='ocrx_word' id='word_1_71' title='bbox 767 1935 805 2002; x_wconf 94' lang='lat' dir='ltr'>in</span> <span class='ocrx_word' id='word_1_72' title='bbox 823 1929 971 2005; x_wconf 82' lang='lat' dir='ltr'>eeclesia</span> <span class='ocrx_word' id='word_1_73' title='bbox 995 1927 1114 2004; x_wconf 89' lang='lat' dir='ltr'>nostra</span> <span class='ocrx_word' id='word_1_74' title='bbox 1130 1956 1172 2003; x_wconf 85' lang='lat' dir='ltr'>ac</span> <span class='ocrx_word' id='word_1_75' title='bbox 1190 1931 1349 2003; x_wconf 82' lang='lat' dir='ltr'>officialis</span> <span class='ocrx_word' id='word_1_76' title='bbox 1374 1930 1485 2004; x_wconf 89' lang='lat' dir='ltr'>nostri</span> <span class='ocrx_word' id='word_1_77' title='bbox 1509 1936 1688 2029; x_wconf 80' lang='lat' dir='ltr'>generalis</span> 
     </span>
     <span class='ocr_line' id='line_1_10' title="bbox 350 2040 1688 2140; baseline 0.001 -23"><span class='ocrx_word' id='word_1_78' title='bbox 350 2047 395 2118; x_wconf 89' lang='lat' dir='ltr'>ad</span> <span class='ocrx_word' id='word_1_79' title='bbox 428 2041 534 2140; x_wconf 83' lang='lat' dir='ltr'>ipsius</span> <span class='ocrx_word' id='word_1_80' title='bbox 567 2042 725 2140; x_wconf 83' lang='lat' dir='ltr'>magistri</span> <span class='ocrx_word' id='word_1_81' title='bbox 755 2043 912 2116; x_wconf 87' lang='lat' dir='ltr'>Walteri</span> <span class='ocrx_word' id='word_1_82' title='bbox 946 2041 1153 2115; x_wconf 89' lang='lat' dir='ltr'>instantiam</span> <span class='ocrx_word' id='word_1_83' title='bbox 1180 2085 1223 2099; x_wconf 92' lang='lat'>··</span> <span class='ocrx_word' id='word_1_84' title='bbox 1256 2085 1264 2099; x_wconf 94' lang='lat'><strong>·</strong></span> <span class='ocrx_word' id='word_1_85' title='bbox 1293 2040 1507 2139; x_wconf 83' lang='lat' dir='ltr'>allignamus</span> <span class='ocrx_word' id='word_1_86' title='bbox 1540 2049 1688 2119; x_wconf 90' lang='lat' dir='ltr'>domino</span> 
     </span>
     <span class='ocr_line' id='line_1_11' title="bbox 349 2151 1686 2250; baseline 0.002 -22"><span class='ocrx_word' id='word_1_87' title='bbox 349 2158 482 2229; x_wconf 88' lang='lat' dir='ltr'>Joanui</span> <span class='ocrx_word' id='word_1_88' title='bbox 500 2156 588 2229; x_wconf 87' lang='lat' dir='ltr'>Scot</span> <span class='ocrx_word' id='word_1_89' title='bbox 613 2153 818 2250; x_wconf 86' lang='lat' dir='ltr'>presbytero</span> <span class='ocrx_word' id='word_1_90' title='bbox 837 2151 1104 2226; x_wconf 86' lang='lat' dir='ltr'>Aberdonensis</span> <span class='ocrx_word' id='word_1_91' title='bbox 1121 2153 1269 2226; x_wconf 83' lang='lat' dir='ltr'>diocesis</span> <span class='ocrx_word' id='word_1_92' title='bbox 1292 2180 1389 2228; x_wconf 91' lang='lat' dir='ltr'>nunc</span> <span class='ocrx_word' id='word_1_93' title='bbox 1407 2155 1622 2230; x_wconf 88' lang='lat' dir='ltr'>deseruienti</span> <span class='ocrx_word' id='word_1_94' title='bbox 1648 2163 1686 2231; x_wconf 94' lang='lat' dir='ltr'>in</span> 
     </span>
     <span class='ocr_line' id='line_1_12' title="bbox 350 2263 1688 2364; baseline 0.002 -23"><span class='ocrx_word' id='word_1_95' title='bbox 350 2267 498 2342; x_wconf 83' lang='lat' dir='ltr'>ecclesia</span> <span class='ocrx_word' id='word_1_96' title='bbox 522 2268 719 2340; x_wconf 77' lang='lat' dir='ltr'>cathedrali</span> <span class='ocrx_word' id='word_1_97' title='bbox 745 2263 994 2338; x_wconf 81' lang='lat' dir='ltr'>Aberdonensl</span> <span class='ocrx_word' id='word_1_98' title='bbox 1011 2305 1019 2322; x_wconf 95' lang='lat'><strong>·</strong></span> <span class='ocrx_word' id='word_1_99' title='bbox 1038 2305 1046 2322; x_wconf 93' lang='lat'><strong>·</strong></span> <span class='ocrx_word' id='word_1_100' title='bbox 1063 2305 1072 2322; x_wconf 93' lang='lat'><strong>·</strong></span> <span class='ocrx_word' id='word_1_101' title='bbox 1090 2290 1197 2338; x_wconf 86' lang='lat' dir='ltr'>vnam</span> <span class='ocrx_word' id='word_1_102' title='bbox 1222 2269 1369 2339; x_wconf 91' lang='lat' dir='ltr'>domum</span> <span class='ocrx_word' id='word_1_103' title='bbox 1395 2272 1433 2340; x_wconf 93' lang='lat' dir='ltr'>in</span> <span class='ocrx_word' id='word_1_104' title='bbox 1458 2281 1560 2364; x_wconf 90' lang='lat' dir='ltr'>parte</span> <span class='ocrx_word' id='word_1_105' title='bbox 1585 2283 1688 2344; x_wconf 88' lang='lat' dir='ltr'>ante-</span> 
     </span>
     <span class='ocr_line' id='line_1_13' title="bbox 349 2375 1687 2476; baseline 0.001 -22"><span class='ocrx_word' id='word_1_106' title='bbox 349 2386 440 2454; x_wconf 90' lang='lat' dir='ltr'>riore</span> <span class='ocrx_word' id='word_1_107' title='bbox 458 2377 568 2454; x_wconf 82' lang='lat' dir='ltr'>mansi</span> <span class='ocrx_word' id='word_1_108' title='bbox 587 2381 811 2475; x_wconf 89' lang='lat' dir='ltr'>prebendarij</span> <span class='ocrx_word' id='word_1_109' title='bbox 831 2380 876 2451; x_wconf 91' lang='lat' dir='ltr'>de</span> <span class='ocrx_word' id='word_1_110' title='bbox 895 2378 992 2451; x_wconf 89' lang='lat' dir='ltr'>Dere</span> <span class='ocrx_word' id='word_1_111' title='bbox 1010 2375 1119 2472; x_wconf 83' lang='lat' dir='ltr'>ipsius</span> <span class='ocrx_word' id='word_1_112' title='bbox 1136 2375 1291 2475; x_wconf 83' lang='lat' dir='ltr'>magistri</span> <span class='ocrx_word' id='word_1_113' title='bbox 1311 2380 1469 2453; x_wconf 86' lang='lat' dir='ltr'>Walteri</span> <span class='ocrx_word' id='word_1_114' title='bbox 1485 2380 1687 2476; x_wconf 86' lang='lat' dir='ltr'>sumptibus</span> 
     </span>
     <span class='ocr_line' id='line_1_14' title="bbox 350 2491 1687 2585; baseline 0.002 -20"><span class='ocrx_word' id='word_1_115' title='bbox 350 2538 357 2550; x_wconf 86' lang='lat'><strong>·</strong></span> <span class='ocrx_word' id='word_1_116' title='bbox 378 2536 385 2552; x_wconf 94' lang='lat'><strong>·</strong></span> <span class='ocrx_word' id='word_1_117' title='bbox 406 2536 413 2551; x_wconf 93' lang='lat'><strong>·</strong></span> <span class='ocrx_word' id='word_1_118' title='bbox 433 2492 669 2567; x_wconf 78' lang='lat' dir='ltr'>constru8tam</span> <span class='ocrx_word' id='word_1_119' title='bbox 688 2532 695 2549; x_wconf 92' lang='lat'><strong>·</strong></span> <span class='ocrx_word' id='word_1_120' title='bbox 716 2534 724 2548; x_wconf 93' lang='lat'><strong>·</strong></span> <span class='ocrx_word' id='word_1_121' title='bbox 744 2532 752 2549; x_wconf 92' lang='lat'><strong>·</strong></span> <span class='ocrx_word' id='word_1_122' title='bbox 770 2515 835 2585; x_wconf 92' lang='lat' dir='ltr'>pro</span> <span class='ocrx_word' id='word_1_123' title='bbox 860 2501 939 2563; x_wconf 90' lang='lat' dir='ltr'>toto</span> <span class='ocrx_word' id='word_1_124' title='bbox 966 2501 1129 2584; x_wconf 89' lang='lat' dir='ltr'>tempore</span> <span class='ocrx_word' id='word_1_125' title='bbox 1146 2493 1220 2561; x_wconf 84' lang='lat' dir='ltr'>vite</span> <span class='ocrx_word' id='word_1_126' title='bbox 1246 2491 1330 2563; x_wconf 73' lang='lat' dir='ltr'>dicii</span> <span class='ocrx_word' id='word_1_127' title='bbox 1356 2494 1492 2565; x_wconf 89' lang='lat' dir='ltr'>domini</span> <span class='ocrx_word' id='word_1_128' title='bbox 1508 2494 1532 2566; x_wconf 87' lang='lat' dir='ltr'>J</span> <span class='ocrx_word' id='word_1_129' title='bbox 1536 2497 1687 2568; x_wconf 90' lang='lat' dir='ltr'>ohannis</span> 
     </span>
     <span class='ocr_line' id='line_1_15' title="bbox 349 2601 1687 2702; baseline 0.001 -24"><span class='ocrx_word' id='word_1_130' title='bbox 349 2609 386 2678; x_wconf 92' lang='lat' dir='ltr'>in</span> <span class='ocrx_word' id='word_1_131' title='bbox 413 2606 639 2702; x_wconf 84' lang='lat' dir='ltr'>longitudine</span> <span class='ocrx_word' id='word_1_132' title='bbox 664 2605 793 2699; x_wconf 83' lang='lat' dir='ltr'>viginti</span> <span class='ocrx_word' id='word_1_133' title='bbox 821 2615 974 2695; x_wconf 89' lang='lat' dir='ltr'>quatuor</span> <span class='ocrx_word' id='word_1_134' title='bbox 999 2601 1163 2672; x_wconf 78' lang='lat' dir='ltr'>ulnarum</span> <span class='ocrx_word' id='word_1_135' title='bbox 1189 2626 1211 2674; x_wconf 90' lang='lat' dir='ltr'>a</span> <span class='ocrx_word' id='word_1_136' title='bbox 1235 2604 1375 2697; x_wconf 84' lang='lat' dir='ltr'>gaballo</span> <span class='ocrx_word' id='word_1_137' title='bbox 1401 2607 1566 2678; x_wconf 82' lang='lat' dir='ltr'>orientali</span> <span class='ocrx_word' id='word_1_138' title='bbox 1592 2609 1687 2679; x_wconf 73' lang='lat' dir='ltr'>dicte</span> 
     </span>
     <span class='ocr_line' id='line_1_16' title="bbox 349 2710 1686 2811; baseline 0.001 -21"><span class='ocrx_word' id='word_1_139' title='bbox 349 2721 475 2790; x_wconf 86' lang='lat' dir='ltr'>domus</span> <span class='ocrx_word' id='word_1_140' title='bbox 502 2717 726 2790; x_wconf 85' lang='lat' dir='ltr'>ascendendo</span> <span class='ocrx_word' id='word_1_141' title='bbox 750 2714 859 2808; x_wconf 76' lang='lat' dir='ltr'>nsque</span> <span class='ocrx_word' id='word_1_142' title='bbox 884 2717 929 2787; x_wconf 90' lang='lat' dir='ltr'>ad</span> <span class='ocrx_word' id='word_1_143' title='bbox 955 2710 1117 2786; x_wconf 89' lang='lat' dir='ltr'>mansum</span> <span class='ocrx_word' id='word_1_144' title='bbox 1145 2715 1229 2784; x_wconf 72' lang='lat' dir='ltr'>dicti</span> <span class='ocrx_word' id='word_1_145' title='bbox 1256 2717 1480 2809; x_wconf 90' lang='lat' dir='ltr'>prebendarij</span> <span class='ocrx_word' id='word_1_146' title='bbox 1508 2716 1615 2811; x_wconf 88' lang='lat' dir='ltr'>vsque</span> <span class='ocrx_word' id='word_1_147' title='bbox 1640 2720 1686 2791; x_wconf 84' lang='lat' dir='ltr'>ed</span> 
     </span>
     <span class='ocr_line' id='line_1_17' title="bbox 348 2825 1686 2924; baseline 0.002 -23"><span class='ocrx_word' id='word_1_148' title='bbox 348 2831 505 2924; x_wconf 85' lang='lat' dir='ltr'>spacium</span> <span class='ocrx_word' id='word_1_149' title='bbox 522 2831 763 2924; x_wconf 73' lang='lat' dir='ltr'>predi&amp;mum</span> <span class='ocrx_word' id='word_1_150' title='bbox 777 2828 940 2898; x_wconf 87' lang='lat' dir='ltr'>vlnarum</span> <span class='ocrx_word' id='word_1_151' title='bbox 958 2828 1003 2898; x_wconf 89' lang='lat' dir='ltr'>ad</span> <span class='ocrx_word' id='word_1_152' title='bbox 1022 2825 1122 2896; x_wconf 86' lang='lat' dir='ltr'>vsum</span> <span class='ocrx_word' id='word_1_153' title='bbox 1141 2866 1148 2883; x_wconf 91' lang='lat'><strong>·</strong></span> <span class='ocrx_word' id='word_1_154' title='bbox 1168 2866 1177 2882; x_wconf 89' lang='lat'><strong>·</strong></span> <span class='ocrx_word' id='word_1_155' title='bbox 1196 2867 1203 2882; x_wconf 91' lang='lat'><strong>·</strong></span> <span class='ocrx_word' id='word_1_156' title='bbox 1224 2826 1306 2898; x_wconf 72' lang='lat' dir='ltr'>diei</span> <span class='ocrx_word' id='word_1_157' title='bbox 1327 2829 1460 2901; x_wconf 91' lang='lat' dir='ltr'>domini</span> <span class='ocrx_word' id='word_1_158' title='bbox 1478 2829 1630 2902; x_wconf 81' lang='lat' dir='ltr'>loannis</span> <span class='ocrx_word' id='word_1_159' title='bbox 1647 2843 1686 2904; x_wconf 90' lang='lat' dir='ltr'>et</span> 
     </span>
     <span class='ocr_line' id='line_1_18' title="bbox 348 2939 1684 3030; baseline 0.001 -18"><span class='ocrx_word' id='word_1_160' title='bbox 348 2942 489 3014; x_wconf 90' lang='lat' dir='ltr'>suorum</span> <span class='ocrx_word' id='word_1_161' title='bbox 520 2966 603 3014; x_wconf 90' lang='lat' dir='ltr'>cum</span> <span class='ocrx_word' id='word_1_162' title='bbox 634 2941 747 3012; x_wconf 91' lang='lat' dir='ltr'>libero</span> <span class='ocrx_word' id='word_1_163' title='bbox 777 2942 928 3011; x_wconf 88' lang='lat' dir='ltr'>introitu</span> <span class='ocrx_word' id='word_1_164' title='bbox 954 2950 992 3010; x_wconf 93' lang='lat' dir='ltr'>et</span> <span class='ocrx_word' id='word_1_165' title='bbox 1018 2941 1120 3009; x_wconf 86' lang='lat' dir='ltr'>exitu</span> <span class='ocrx_word' id='word_1_166' title='bbox 1146 2939 1191 3010; x_wconf 90' lang='lat' dir='ltr'>ad</span> <span class='ocrx_word' id='word_1_167' title='bbox 1217 2947 1357 3030; x_wconf 89' lang='lat' dir='ltr'>portam</span> <span class='ocrx_word' id='word_1_168' title='bbox 1387 2944 1601 3013; x_wconf 90' lang='lat' dir='ltr'>anteriorem</span> <span class='ocrx_word' id='word_1_169' title='bbox 1620 2984 1629 3001; x_wconf 92' lang='lat'><strong>·</strong></span> <span class='ocrx_word' id='word_1_170' title='bbox 1648 2984 1684 3000; x_wconf 87' lang='lat'>··</span> 
     </span>
     <span class='ocr_line' id='line_1_19' title="bbox 348 3050 1685 3147; baseline -0.002 -19"><span class='ocrx_word' id='word_1_171' title='bbox 348 3078 454 3147; x_wconf 85' lang='lat' dir='ltr'>quam</span> <span class='ocrx_word' id='word_1_172' title='bbox 473 3057 619 3126; x_wconf 91' lang='lat' dir='ltr'>domum</span> <span class='ocrx_word' id='word_1_173' title='bbox 639 3094 646 3109; x_wconf 93' lang='lat'><strong>·</strong></span> <span class='ocrx_word' id='word_1_174' title='bbox 667 3092 675 3109; x_wconf 89' lang='lat'><strong>·</strong></span> <span class='ocrx_word' id='word_1_175' title='bbox 695 3093 702 3109; x_wconf 94' lang='lat'><strong>·</strong></span> <span class='ocrx_word' id='word_1_176' title='bbox 722 3050 795 3145; x_wconf 90' lang='lat' dir='ltr'>ipse</span> <span class='ocrx_word' id='word_1_177' title='bbox 821 3053 988 3122; x_wconf 89' lang='lat' dir='ltr'>dominus</span> <span class='ocrx_word' id='word_1_178' title='bbox 1004 3050 1165 3121; x_wconf 89' lang='lat' dir='ltr'>Joaunes</span> <span class='ocrx_word' id='word_1_179' title='bbox 1183 3073 1246 3143; x_wconf 93' lang='lat' dir='ltr'>pro</span> <span class='ocrx_word' id='word_1_180' title='bbox 1265 3063 1428 3145; x_wconf 91' lang='lat' dir='ltr'>tempore</span> <span class='ocrx_word' id='word_1_181' title='bbox 1445 3055 1519 3124; x_wconf 84' lang='lat' dir='ltr'>vite</span> <span class='ocrx_word' id='word_1_182' title='bbox 1535 3052 1597 3125; x_wconf 93' lang='lat' dir='ltr'>sue</span> <span class='ocrx_word' id='word_1_183' title='bbox 1614 3052 1685 3126; x_wconf 87' lang='lat' dir='ltr'>suis</span> 
     </span>
     <span class='ocr_line' id='line_1_20' title="bbox 346 3160 1686 3261; baseline -0.001 -23"><span class='ocrx_word' id='word_1_184' title='bbox 346 3168 497 3261; x_wconf 91' lang='lat' dir='ltr'>proprijs</span> <span class='ocrx_word' id='word_1_185' title='bbox 514 3164 715 3259; x_wconf 85' lang='lat' dir='ltr'>sumptibus</span> <span class='ocrx_word' id='word_1_186' title='bbox 732 3187 889 3258; x_wconf 85' lang='lat' dir='ltr'>congrue</span> <span class='ocrx_word' id='word_1_187' title='bbox 906 3160 1120 3233; x_wconf 88' lang='lat' dir='ltr'>sustentabit</span> <span class='ocrx_word' id='word_1_188' title='bbox 1141 3162 1184 3232; x_wconf 89' lang='lat' dir='ltr'>ad</span> <span class='ocrx_word' id='word_1_189' title='bbox 1210 3163 1383 3233; x_wconf 90' lang='lat' dir='ltr'>honorem</span> <span class='ocrx_word' id='word_1_190' title='bbox 1401 3167 1551 3236; x_wconf 89' lang='lat' dir='ltr'>canonie</span> <span class='ocrx_word' id='word_1_191' title='bbox 1567 3165 1686 3238; x_wconf 87' lang='lat' dir='ltr'>Aber-</span> 
     </span>
     <span class='ocr_line' id='line_1_21' title="bbox 348 3273 1683 3370; baseline 0.001 -20"><span class='ocrx_word' id='word_1_192' title='bbox 348 3276 511 3351; x_wconf 81' lang='lat' dir='ltr'>donensis</span> <span class='ocrx_word' id='word_1_193' title='bbox 526 3319 534 3336; x_wconf 93' lang='lat'><strong>·</strong></span> <span class='ocrx_word' id='word_1_194' title='bbox 549 3318 557 3334; x_wconf 93' lang='lat'><strong>·</strong></span> <span class='ocrx_word' id='word_1_195' title='bbox 573 3318 581 3334; x_wconf 92' lang='lat'><strong>·</strong></span> <span class='ocrx_word' id='word_1_196' title='bbox 598 3275 747 3370; x_wconf 88' lang='lat' dir='ltr'>Insuper</span> <span class='ocrx_word' id='word_1_197' title='bbox 759 3274 994 3369; x_wconf 88' lang='lat' dir='ltr'>capellaniam</span> <span class='ocrx_word' id='word_1_198' title='bbox 1011 3283 1158 3344; x_wconf 87' lang='lat' dir='ltr'>centum</span> <span class='ocrx_word' id='word_1_199' title='bbox 1172 3273 1385 3344; x_wconf 89' lang='lat' dir='ltr'>solidorum·</span> <span class='ocrx_word' id='word_1_200' title='bbox 1399 3313 1408 3330; x_wconf 94' lang='lat'><strong>·</strong></span> <span class='ocrx_word' id='word_1_201' title='bbox 1422 3316 1430 3332; x_wconf 93' lang='lat'><strong>·</strong></span> <span class='ocrx_word' id='word_1_202' title='bbox 1446 3278 1632 3350; x_wconf 83' lang='lat' dir='ltr'>fundatam</span> <span class='ocrx_word' id='word_1_203' title='bbox 1646 3282 1683 3350; x_wconf 94' lang='lat' dir='ltr'>in</span> 
     </span>
     <span class='ocr_line' id='line_1_22' title="bbox 348 3382 1684 3486; baseline -0.001 -24"><span class='ocrx_word' id='word_1_204' title='bbox 348 3387 496 3464; x_wconf 82' lang='lat' dir='ltr'>ecclesia</span> <span class='ocrx_word' id='word_1_205' title='bbox 519 3386 640 3461; x_wconf 88' lang='lat' dir='ltr'>nostra</span> <span class='ocrx_word' id='word_1_206' title='bbox 657 3389 837 3460; x_wconf 78' lang='lat' dir='ltr'>anteditta</span> <span class='ocrx_word' id='word_1_207' title='bbox 854 3388 898 3457; x_wconf 92' lang='lat' dir='ltr'>de</span> <span class='ocrx_word' id='word_1_208' title='bbox 916 3385 1091 3457; x_wconf 58' lang='lat' dir='ltr'>frmitibus</span> <span class='ocrx_word' id='word_1_209' title='bbox 1110 3382 1256 3457; x_wconf 83' lang='lat' dir='ltr'>ecclesie</span> <span class='ocrx_word' id='word_1_210' title='bbox 1274 3387 1502 3480; x_wconf 80' lang='lat' dir='ltr'>parrochialis</span> <span class='ocrx_word' id='word_1_211' title='bbox 1520 3391 1565 3461; x_wconf 91' lang='lat' dir='ltr'>de</span> <span class='ocrx_word' id='word_1_212' title='bbox 1582 3391 1684 3486; x_wconf 83' lang='lat' dir='ltr'>Logy</span> 
     </span>
     <span class='ocr_line' id='line_1_23' title="bbox 348 3495 1682 3594; baseline 0.002 -22"><span class='ocrx_word' id='word_1_213' title='bbox 348 3505 384 3573; x_wconf 94' lang='lat' dir='ltr'>in</span> <span class='ocrx_word' id='word_1_214' title='bbox 403 3504 590 3575; x_wconf 90' lang='lat' dir='ltr'>Buchania</span> <span class='ocrx_word' id='word_1_215' title='bbox 606 3525 670 3594; x_wconf 89' lang='lat' dir='ltr'>per</span> <span class='ocrx_word' id='word_1_216' title='bbox 687 3541 695 3556; x_wconf 86' lang='lat'><strong>·</strong></span> <span class='ocrx_word' id='word_1_217' title='bbox 715 3541 723 3555; x_wconf 92' lang='lat'><strong>·</strong></span> <span class='ocrx_word' id='word_1_218' title='bbox 744 3540 751 3555; x_wconf 94' lang='lat'><strong>·</strong></span> <span class='ocrx_word' id='word_1_219' title='bbox 770 3522 892 3592; x_wconf 85' lang='lat' dir='ltr'>regem</span> <span class='ocrx_word' id='word_1_220' title='bbox 906 3497 1027 3570; x_wconf 90' lang='lat' dir='ltr'>Dauid</span> <span class='ocrx_word' id='word_1_221' title='bbox 1045 3509 1082 3569; x_wconf 91' lang='lat' dir='ltr'>et</span> <span class='ocrx_word' id='word_1_222' title='bbox 1101 3521 1208 3590; x_wconf 88' lang='lat' dir='ltr'>quam</span> <span class='ocrx_word' id='word_1_223' title='bbox 1225 3495 1299 3591; x_wconf 91' lang='lat' dir='ltr'>ipse</span> <span class='ocrx_word' id='word_1_224' title='bbox 1317 3495 1486 3594; x_wconf 84' lang='lat' dir='ltr'>magister</span> <span class='ocrx_word' id='word_1_225' title='bbox 1496 3500 1682 3574; x_wconf 88' lang='lat' dir='ltr'>Walterus</span> 
     </span>
     <span class='ocr_line' id='line_1_24' title="bbox 348 3608 1683 3703; baseline 0.001 -19"><span class='ocrx_word' id='word_1_226' title='bbox 348 3613 419 3686; x_wconf 88' lang='lat' dir='ltr'>Idil</span> <span class='ocrx_word' id='word_1_227' title='bbox 447 3626 534 3685; x_wconf 90' lang='lat' dir='ltr'>tunc</span> <span class='ocrx_word' id='word_1_228' title='bbox 561 3615 678 3683; x_wconf 76' lang='lat' dir='ltr'>rettor</span> <span class='ocrx_word' id='word_1_229' title='bbox 704 3609 862 3682; x_wconf 90' lang='lat' dir='ltr'>eiusdem</span> <span class='ocrx_word' id='word_1_230' title='bbox 890 3609 1011 3681; x_wconf 89' lang='lat' dir='ltr'>meuse</span> <span class='ocrx_word' id='word_1_231' title='bbox 1035 3610 1222 3703; x_wconf 88' lang='lat' dir='ltr'>capitulari</span> <span class='ocrx_word' id='word_1_232' title='bbox 1246 3608 1495 3683; x_wconf 88' lang='lat' dir='ltr'>Aberdonenfi</span> <span class='ocrx_word' id='word_1_233' title='bbox 1518 3615 1562 3685; x_wconf 84' lang='lat' dir='ltr'>ed</span> <span class='ocrx_word' id='word_1_234' title='bbox 1587 3639 1683 3686; x_wconf 90' lang='lat' dir='ltr'>com·</span> 
     </span>
     <span class='ocr_line' id='line_1_25' title="bbox 347 3719 1682 3817; baseline 0.002 -21"><span class='ocrx_word' id='word_1_235' title='bbox 347 3729 470 3798; x_wconf 88' lang='lat' dir='ltr'>munia</span> <span class='ocrx_word' id='word_1_236' title='bbox 495 3725 746 3797; x_wconf 86' lang='lat' dir='ltr'>canonicorum</span> <span class='ocrx_word' id='word_1_237' title='bbox 772 3719 1004 3793; x_wconf 83' lang='lat' dir='ltr'>residentium</span> <span class='ocrx_word' id='word_1_238' title='bbox 1026 3722 1096 3792; x_wconf 90' lang='lat' dir='ltr'>suis</span> <span class='ocrx_word' id='word_1_239' title='bbox 1121 3723 1272 3816; x_wconf 90' lang='lat' dir='ltr'>proprijs</span> <span class='ocrx_word' id='word_1_240' title='bbox 1289 3720 1490 3817; x_wconf 83' lang='lat' dir='ltr'>sumptibus</span> <span class='ocrx_word' id='word_1_241' title='bbox 1509 3766 1517 3783; x_wconf 90' lang='lat'><strong>·</strong></span> <span class='ocrx_word' id='word_1_242' title='bbox 1536 3768 1544 3782; x_wconf 93' lang='lat'><strong>·</strong></span> <span class='ocrx_word' id='word_1_243' title='bbox 1563 3767 1571 3783; x_wconf 93' lang='lat'><strong>·</strong></span> <span class='ocrx_word' id='word_1_244' title='bbox 1591 3730 1682 3799; x_wconf 82' lang='lat' dir='ltr'>vniri</span> 
     </span>
     <span class='ocr_line' id='line_1_26' title="bbox 348 3830 1682 3930; baseline 0.004 -25"><span class='ocrx_word' id='word_1_245' title='bbox 348 3838 434 3908; x_wconf 87' lang='lat' dir='ltr'>iecit</span> <span class='ocrx_word' id='word_1_246' title='bbox 452 3878 460 3895; x_wconf 89' lang='lat'><strong>·</strong></span> <span class='ocrx_word' id='word_1_247' title='bbox 479 3878 488 3894; x_wconf 88' lang='lat'><strong>·</strong></span> <span class='ocrx_word' id='word_1_248' title='bbox 506 3878 515 3894; x_wconf 90' lang='lat'><strong>·</strong></span> <span class='ocrx_word' id='word_1_249' title='bbox 534 3861 575 3908; x_wconf 89' lang='lat' dir='ltr'>ac</span> <span class='ocrx_word' id='word_1_250' title='bbox 601 3836 836 3930; x_wconf 84' lang='lat' dir='ltr'>quadraginta</span> <span class='ocrx_word' id='word_1_251' title='bbox 861 3834 990 3904; x_wconf 89' lang='lat' dir='ltr'>solidos</span> <span class='ocrx_word' id='word_1_252' title='bbox 1007 3872 1017 3888; x_wconf 90' lang='lat'><strong>·</strong></span> <span class='ocrx_word' id='word_1_253' title='bbox 1033 3872 1041 3888; x_wconf 95' lang='lat'><strong>·</strong></span> <span class='ocrx_word' id='word_1_254' title='bbox 1059 3871 1067 3888; x_wconf 95' lang='lat'><strong>·</strong></span> <span class='ocrx_word' id='word_1_255' title='bbox 1085 3830 1240 3905; x_wconf 89' lang='lat' dir='ltr'>stallario</span> <span class='ocrx_word' id='word_1_256' title='bbox 1266 3836 1489 3930; x_wconf 84' lang='lat' dir='ltr'>prebendarij</span> <span class='ocrx_word' id='word_1_257' title='bbox 1516 3839 1561 3910; x_wconf 92' lang='lat' dir='ltr'>de</span> <span class='ocrx_word' id='word_1_258' title='bbox 1586 3837 1682 3911; x_wconf 89' lang='lat' dir='ltr'>Dere</span> 
     </span>
     <span class='ocr_line' id='line_1_27' title="bbox 350 3944 1682 4045; baseline 0.002 -25"><span class='ocrx_word' id='word_1_259' title='bbox 350 3947 494 4045; x_wconf 83' lang='lat' dir='ltr'>singulis</span> <span class='ocrx_word' id='word_1_260' title='bbox 514 3951 616 4020; x_wconf 92' lang='lat' dir='ltr'>annis</span> <span class='ocrx_word' id='word_1_261' title='bbox 633 3949 775 4020; x_wconf 89' lang='lat' dir='ltr'>debitos</span> <span class='ocrx_word' id='word_1_262' title='bbox 793 3948 924 4039; x_wconf 91' lang='lat' dir='ltr'>quique</span> <span class='ocrx_word' id='word_1_263' title='bbox 941 3944 1147 4018; x_wconf 90' lang='lat' dir='ltr'>subdiaconi</span> <span class='ocrx_word' id='word_1_264' title='bbox 1165 3947 1328 4041; x_wconf 85' lang='lat' dir='ltr'>fungitur</span> <span class='ocrx_word' id='word_1_265' title='bbox 1344 3947 1459 4019; x_wconf 88' lang='lat' dir='ltr'>officio</span> <span class='ocrx_word' id='word_1_266' title='bbox 1477 3973 1540 4043; x_wconf 90' lang='lat' dir='ltr'>pro</span> <span class='ocrx_word' id='word_1_267' title='bbox 1557 3975 1682 4045; x_wconf 89' lang='lat' dir='ltr'>perpe-</span> 
     </span>
     <span class='ocr_line' id='line_1_28' title="bbox 348 4058 1681 4156; baseline 0.003 -24"><span class='ocrx_word' id='word_1_268' title='bbox 348 4072 411 4133; x_wconf 88' lang='lat' dir='ltr'>tuo</span> <span class='ocrx_word' id='word_1_269' title='bbox 429 4065 570 4133; x_wconf 87' lang='lat' dir='ltr'>vnimus</span> <span class='ocrx_word' id='word_1_270' title='bbox 586 4085 650 4154; x_wconf 95' lang='lat' dir='ltr'>pro</span> <span class='ocrx_word' id='word_1_271' title='bbox 668 4069 770 4131; x_wconf 88' lang='lat' dir='ltr'>etex</span> <span class='ocrx_word' id='word_1_272' title='bbox 791 4083 834 4130; x_wconf 88' lang='lat' dir='ltr'>eo</span> <span class='ocrx_word' id='word_1_273' title='bbox 852 4059 946 4151; x_wconf 92' lang='lat' dir='ltr'>quod</span> <span class='ocrx_word' id='word_1_274' title='bbox 965 4061 1010 4130; x_wconf 89' lang='lat' dir='ltr'>de</span> <span class='ocrx_word' id='word_1_275' title='bbox 1027 4059 1130 4130; x_wconf 71' lang='lat' dir='ltr'>diois</span> <span class='ocrx_word' id='word_1_276' title='bbox 1155 4070 1304 4130; x_wconf 90' lang='lat' dir='ltr'>centum</span> <span class='ocrx_word' id='word_1_277' title='bbox 1329 4058 1449 4132; x_wconf 88' lang='lat' dir='ltr'>solidis</span> <span class='ocrx_word' id='word_1_278' title='bbox 1475 4063 1681 4156; x_wconf 86' lang='lat' dir='ltr'>capellanus</span> 
     </span>
     <span class='ocr_line' id='line_1_29' title="bbox 348 4167 1680 4266; baseline 0.005 -24"><span class='ocrx_word' id='word_1_279' title='bbox 348 4175 385 4242; x_wconf 96' lang='lat' dir='ltr'>in</span> <span class='ocrx_word' id='word_1_280' title='bbox 410 4170 609 4245; x_wconf 91' lang='lat' dir='ltr'>huiusmodi</span> <span class='ocrx_word' id='word_1_281' title='bbox 639 4171 837 4266; x_wconf 83' lang='lat' dir='ltr'>capellania</span> <span class='ocrx_word' id='word_1_282' title='bbox 866 4167 1068 4241; x_wconf 88' lang='lat' dir='ltr'>deseruiens</span> <span class='ocrx_word' id='word_1_283' title='bbox 1098 4182 1137 4241; x_wconf 92' lang='lat' dir='ltr'>et</span> <span class='ocrx_word' id='word_1_284' title='bbox 1165 4167 1374 4243; x_wconf 80' lang='lat' dir='ltr'>successores</span> <span class='ocrx_word' id='word_1_285' title='bbox 1402 4173 1456 4245; x_wconf 90' lang='lat' dir='ltr'>sui</span> <span class='ocrx_word' id='word_1_286' title='bbox 1486 4177 1522 4245; x_wconf 93' lang='lat' dir='ltr'>in</span> <span class='ocrx_word' id='word_1_287' title='bbox 1554 4177 1680 4249; x_wconf 90' lang='lat' dir='ltr'>eadem</span> 
     </span>
     <span class='ocr_line' id='line_1_30' title="bbox 347 4278 1680 4380; baseline 0.005 -26"><span class='ocrx_word' id='word_1_288' title='bbox 347 4283 494 4356; x_wconf 88' lang='lat' dir='ltr'>honeste</span> <span class='ocrx_word' id='word_1_289' title='bbox 516 4282 702 4356; x_wconf 86' lang='lat' dir='ltr'>sustentari</span> <span class='ocrx_word' id='word_1_290' title='bbox 727 4306 799 4353; x_wconf 93' lang='lat' dir='ltr'>non</span> <span class='ocrx_word' id='word_1_291' title='bbox 824 4278 965 4376; x_wconf 83' lang='lat' dir='ltr'>possunt</span> <span class='ocrx_word' id='word_1_292' title='bbox 986 4321 994 4338; x_wconf 91' lang='lat'><strong>·</strong></span> <span class='ocrx_word' id='word_1_293' title='bbox 1015 4294 1054 4354; x_wconf 92' lang='lat' dir='ltr'>et</span> <span class='ocrx_word' id='word_1_294' title='bbox 1075 4283 1240 4354; x_wconf 87' lang='lat' dir='ltr'>volumus</span> <span class='ocrx_word' id='word_1_295' title='bbox 1265 4285 1360 4375; x_wconf 89' lang='lat' dir='ltr'>quod</span> <span class='ocrx_word' id='word_1_296' title='bbox 1386 4285 1449 4356; x_wconf 90' lang='lat' dir='ltr'>ille</span> <span class='ocrx_word' id='word_1_297' title='bbox 1474 4288 1680 4380; x_wconf 85' lang='lat' dir='ltr'>capellanus</span> 
     </span>
     <span class='ocr_line' id='line_1_31' title="bbox 347 4391 1679 4493; baseline 0.005 -26"><span class='ocrx_word' id='word_1_298' title='bbox 347 4400 408 4489; x_wconf 90' lang='lat' dir='ltr'>qui</span> <span class='ocrx_word' id='word_1_299' title='bbox 434 4400 502 4469; x_wconf 92' lang='lat' dir='ltr'>erit</span> <span class='ocrx_word' id='word_1_300' title='bbox 528 4394 702 4468; x_wconf 88' lang='lat' dir='ltr'>stallarius</span> <span class='ocrx_word' id='word_1_301' title='bbox 727 4398 771 4466; x_wconf 91' lang='lat' dir='ltr'>de</span> <span class='ocrx_word' id='word_1_302' title='bbox 790 4394 886 4466; x_wconf 88' lang='lat' dir='ltr'>Dere</span> <span class='ocrx_word' id='word_1_303' title='bbox 903 4433 911 4450; x_wconf 95' lang='lat'><strong>·</strong></span> <span class='ocrx_word' id='word_1_304' title='bbox 929 4433 938 4449; x_wconf 89' lang='lat'><strong>·</strong></span> <span class='ocrx_word' id='word_1_305' title='bbox 954 4433 963 4451; x_wconf 92' lang='lat'><strong>·</strong></span> <span class='ocrx_word' id='word_1_306' title='bbox 982 4391 1025 4465; x_wconf 83' lang='lat' dir='ltr'>sit</span> <span class='ocrx_word' id='word_1_307' title='bbox 1042 4419 1113 4466; x_wconf 86' lang='lat' dir='ltr'>vna</span> <span class='ocrx_word' id='word_1_308' title='bbox 1137 4393 1284 4489; x_wconf 89' lang='lat' dir='ltr'>persona</span> <span class='ocrx_word' id='word_1_309' title='bbox 1306 4407 1344 4467; x_wconf 91' lang='lat' dir='ltr'>et</span> <span class='ocrx_word' id='word_1_310' title='bbox 1369 4398 1406 4468; x_wconf 96' lang='lat' dir='ltr'>in</span> <span class='ocrx_word' id='word_1_311' title='bbox 1433 4397 1679 4493; x_wconf 82' lang='lat' dir='ltr'>presbyterum</span> 
     </span>
     <span class='ocr_line' id='line_1_32' title="bbox 345 4505 1680 4607; baseline 0.004 -26"><span class='ocrx_word' id='word_1_312' title='bbox 345 4519 600 4601; x_wconf 85' lang='lat' dir='ltr'>promoueatur</span> <span class='ocrx_word' id='word_1_313' title='bbox 625 4516 663 4579; x_wconf 92' lang='lat' dir='ltr'>et</span> <span class='ocrx_word' id='word_1_314' title='bbox 688 4505 803 4579; x_wconf 65' lang='lat' dir='ltr'>distos</span> <span class='ocrx_word' id='word_1_315' title='bbox 828 4517 976 4578; x_wconf 89' lang='lat' dir='ltr'>centum</span> <span class='ocrx_word' id='word_1_316' title='bbox 1002 4505 1130 4578; x_wconf 89' lang='lat' dir='ltr'>solidos</span> <span class='ocrx_word' id='word_1_317' title='bbox 1155 4508 1200 4580; x_wconf 90' lang='lat' dir='ltr'>de</span> <span class='ocrx_word' id='word_1_318' title='bbox 1225 4505 1373 4581; x_wconf 81' lang='lat' dir='ltr'>ecclesia</span> <span class='ocrx_word' id='word_1_319' title='bbox 1397 4511 1443 4582; x_wconf 88' lang='lat' dir='ltr'>de</span> <span class='ocrx_word' id='word_1_320' title='bbox 1461 4509 1562 4607; x_wconf 82' lang='lat' dir='ltr'>Logy</span> <span class='ocrx_word' id='word_1_321' title='bbox 1579 4523 1680 4586; x_wconf 88' lang='lat' dir='ltr'>ante·</span> 
     </span>
    </p>
   </div>
   <div class='ocr_carea' id='block_1_5' title="bbox 0 0 2048 5430">
    <p class='ocr_par' dir='ltr' id='par_1_5' title="bbox 0 0 2048 5430">
     <span class='ocr_line' id='line_1_33' title="bbox 0 0 2048 5430; baseline 0 4"><span class='ocrx_word' id='word_1_322' title='bbox 0 0 2048 5430; x_wconf 95' lang='lat' dir='ltr'> </span> 
     </span>
    </p>
   </div>
  </div>
 </body>
</html>
