4088 5430
348 616 420 682 114
865 606 1172 682 REGISTRUM
1536 608 1688 704 [ancum

348 922 582 995 Confirmatio
601 930 696 993 terre
714 915 950 993 ecclesrastioe
967 919 1013 990 de
1031 917 1271 1013 Methlayck·

349 1122 546 1220 Robertus
572 1143 643 1216 Dei
672 1144 789 1240 gratia
812 1167 876 1214 rex
903 1141 1112 1215 Scottorum
1142 1144 1308 1216 omnibus
1338 1147 1458 1238 probis
1486 1147 1691 1218 hominibus

347 1261 463 1332 totius
488 1268 583 1329 terre
608 1254 671 1329 sue
693 1254 845 1329 salutem
863 1295 872 1312 ·
891 1253 1022 1327 Sciatis
1045 1277 1112 1326 uos
1135 1251 1340 1347 approbasse
1365 1253 1551 1330 ratifioasse
1568 1269 1606 1330 et
1622 1258 1690 1330 hac

347 1367 505 1466 presenti
522 1379 623 1442 carta
637 1365 759 1440 nostra
775 1363 995 1440 confirmasse
1020 1365 1100 1437 illas
1125 1366 1358 1441 donationem
1375 1378 1414 1441 et
1431 1365 1690 1442 concessionem

348 1505 436 1576 quas
450 1480 638 1553 Walterus
656 1481 701 1552 de
719 1479 894 1550 Menthet
911 1479 957 1549 de
975 1477 1248 1550 Petmacaldoro
1265 1482 1352 1552 fecit
1369 1491 1407 1553 et
1424 1476 1595 1554 concessrt
1610 1480 1690 1553 Deo

347 1606 386 1668 et
402 1595 511 1666 beate
529 1593 648 1665 Marie
664 1616 705 1663 ac
724 1586 871 1663 ecclesie
893 1589 1087 1683 parochiali
1112 1589 1211 1662 beati
1229 1589 1415 1665 Deuenaoi
1434 1594 1478 1666 de
1496 1593 1690 1666 Methelak

348 1700 613 1779 Aberdonensre
630 1699 787 1799 dyocesis
805 1713 844 1774 et
860 1703 992 1773 vicario
1010 1697 1169 1773 eiusdem
1187 1700 1335 1776 ecclesie
1352 1705 1398 1777 de
1415 1707 1569 1799 quadam
1590 1708 1692 1800 peoia

349 1830 445 1892 terre
470 1820 613 1890 iacente
637 1817 848 1887 immediate
874 1815 979 1886 iuxta
1003 1835 1134 1905 aquam
1160 1814 1205 1885 de
1223 1812 1368 1910 Ethoyn
1395 1841 1465 1910 que
1483 1828 1632 1891 vocatur
1656 1817 1691 1888 le

340 1929 495 2003 'Hauloh
513 1937 678 2022 exparte
695 1950 767 2000 vna
783 1937 821 1998 et
839 1923 1088 1998 descendendo
1104 1949 1127 1997 a
1142 1927 1234 1998 vado
1251 1928 1359 2000 riuuli
1377 1929 1422 2001 de
1435 1928 1566 2002 Melok
1584 1927 1692 2023 vsque

349 2042 394 2114 ad
422 2042 555 2114 vadum
588 2040 684 2133 quod
716 2048 865 2110 vocatur
892 2037 1030 2131 Clochy
1059 2061 1106 2108 ex
1139 2055 1242 2132 parte
1276 2041 1390 2113 altera
1418 2080 1427 2098 ·
1454 2041 1626 2115 Tenenda
1654 2053 1693 2115 et

349 2154 515 2228 habenda
541 2151 622 2223 Deo
651 2152 759 2222 beate
791 2150 907 2221 Marie
937 2151 1103 2242 dicteque
1130 2149 1279 2224 ecclesie
1308 2164 1347 2225 et
1373 2155 1505 2227 vicario
1535 2152 1692 2226 eiusdem

350 2269 411 2359 qui
429 2289 493 2359 pro
506 2272 669 2358 tempore
686 2262 795 2334 suerit
812 2263 850 2332 in
868 2262 1017 2333 liberam
1035 2285 1161 2355 puram
1179 2276 1218 2336 et
1234 2276 1446 2359 perpetuam
1463 2263 1694 2339 elemosinam

350 2402 415 2473 per
440 2400 564 2449 omnes
591 2377 706 2448 resae
733 2384 850 2447 metas
873 2384 912 2445 et
935 2371 1065 2445 diuisas
1088 2371 1167 2447 suas
1192 2399 1274 2448 oum
1301 2379 1468 2450 omnibus
1485 2390 1524 2452 et
1547 2376 1693 2474 singulis

350 2490 579 2563 libertatibus
602 2487 920 2560 commoditatibus
944 2480 1172 2580 aysnmentis
1189 2497 1228 2560 et
1244 2486 1345 2560 iustis
1370 2492 1597 2584 pertinentiis
1615 2495 1693 2585 qui·

350 2600 560 2694 buscunque
576 2600 622 2672 ad
643 2598 777 2673 distem
802 2601 942 2692 peciam
967 2608 1063 2669 terre
1087 2595 1330 2693 spectantibus
1353 2599 1415 2674 seu
1440 2606 1691 2696 quoquomodo
1763 2654 1768 2664 ·

349 2712 442 2788 iuste
459 2713 617 2809 spectare
630 2712 836 2784 valentibus
853 2712 1078 2782 infuturum·
1092 2711 1180 2783 adeo
1199 2713 1310 2784 libere
1328 2723 1367 2786 et
1383 2716 1506 2808 quiete
1523 2717 1561 2787 in
1578 2716 1694 2789 omni·

350 2828 418 2899 bus
435 2836 474 2899 et
490 2849 554 2920 per
571 2826 694 2895 omnia
706 2819 797 2895 sicut
810 2832 911 2896 carta
922 2823 1007 2895 dici
1022 2822 1179 2894 Walteri
1193 2825 1287 2897 dicte
1299 2823 1448 2898 ecclesie
1464 2851 1529 2921 per
1544 2831 1692 2900 modum

351 2939 487 3034 publici
514 2933 742 3009 instrumenti
769 2937 854 3008 inde
878 2937 1041 3008 confessa
1065 2936 1104 3006 in
1124 2932 1161 3007 so
1181 2935 1323 3030 plenius
1349 2937 1442 3011 iuste
1467 2942 1632 3014 continet
1654 2953 1693 3012 et

350 3060 537 3147 proportat
554 3088 563 3106 ·
581 3048 626 3121 In
643 3052 745 3122 ouius
762 3052 813 3121 rei
840 3045 1085 3120 testimonium
1110 3045 1265 3140 presenti
1290 3060 1389 3122 carte
1414 3053 1694 3125 confirmationis

351 3161 470 3236 nostre
487 3160 649 3234 nostrum
666 3163 891 3256 precepimus
908 3160 1040 3253 apponi
1057 3154 1212 3255 sigillum
1226 3203 1234 3219 ·
1248 3159 1413 3235 Testibus
1430 3166 1693 3239 venerabilibus

353 3279 391 3348 in
409 3273 552 3348 Christo
570 3275 732 3369 patribus
746 3270 935 3344 Willelmo
953 3280 991 3341 et
1005 3270 1161 3344 Patricio
1178 3272 1288 3347 sanffl
1305 3274 1454 3349 Andree
1471 3287 1509 3349 et
1522 3276 1695 3351 Brecbin·

353 3385 445 3461 ensis
462 3383 691 3460 ecclesiarum
709 3380 881 3478 episcopis
898 3423 907 3440 ·
921 3381 946 3452 J
948 3383 1089 3455 ohanne
1105 3387 1346 3482 primogenito
1362 3387 1481 3460 nostro
1498 3392 1632 3463 comite
1649 3391 1694 3462 de

353 3501 491 3595 Carryk
508 3495 698 3570 senescallo
715 3495 839 3569 Scotie
857 3536 865 3553 ·
885 3495 1046 3567 Roberto
1071 3499 1204 3570 comite
1221 3499 1267 3570 de
1284 3498 1371 3594 Fyff
1381 3510 1419 3573 et
1436 3502 1482 3574 de
1499 3501 1694 3575 Meneteth

353 3611 428 3683 filio
456 3608 575 3682 nostro
603 3609 735 3681 diletto
761 3607 979 3679 ·Willelmo
1008 3609 1142 3680 comite
1168 3609 1214 3682 de
1237 3609 1399 3706 Douglas
1421 3651 1430 3668 ·
1453 3613 1622 3687 Johanne
1648 3616 1694 3688 de

355 3724 490 3816 Canyk
513 3720 726 3794 cancellario
750 3716 870 3791 nostro
887 3757 896 3775 ·
913 3719 1051 3793 Jacobo
1069 3721 1114 3793 de
1131 3719 1319 3817 Lyndesay
1334 3736 1468 3819 nepote
1493 3723 1638 3798 nostro·
1655 3738 1694 3800 et

356 3834 517 3906 Roberto
542 3835 587 3906 de
606 3829 767 3926 Erskyne
792 3832 968 3904 militibus
986 3872 996 3890 ·
1013 3832 1125 3927 Apud
1145 3833 1320 3907 Abredon
1344 3833 1445 3909 sexto
1471 3839 1612 3911 decimo
1637 3841 1695 3912 die

355 3941 485 4017 menfis
501 3945 526 4017 J
528 3947 601 4038 unij
620 3967 714 4017 anno
732 3945 833 4040 regni
851 3941 962 4017 nostri
980 3946 1113 4016 tertio·

250 4282 252 4286 ’
358 4279 538 4353 Fundatio
555 4277 745 4353 mansionis
762 4282 808 4352 de
825 4281 1065 4377 Methelayk·

357 4474 556 4579 Vniuersrs
575 4501 692 4576 sanae
715 4505 840 4576 matris
857 4501 1006 4577 ecclesie
1022 4505 1104 4577 filiis
1129 4503 1312 4599 presentes
1337 4507 1459 4582 literas
1485 4511 1694 4608 inspecturis
