4088 5430
413 658 435 723 4
927 649 1233 724 REGISTRUM
1382 590 1386 602 Ι
1598 654 1750 749 [sucum

411 852 523 922 futuri
548 873 607 921 me
631 848 761 922 dedisse
787 844 987 922 concessisse
1005 851 1126 921 etheo
1144 850 1255 923 Carta
1279 873 1360 922 mea
1385 845 1603 923 confirmasse
1621 854 1688 923 deo
1714 865 1752 924 et

409 964 516 1035 beate
541 964 652 1035 marie
670 972 707 1034 et
724 963 831 1034 beato
855 963 1034 1033 macborio
1051 971 1090 1033 et
1109 961 1275 1034 Nettano
1291 960 1467 1055 Episcopo
1485 961 1750 1036 Abbirdonensi

410 1085 525 1146 totam
551 1074 672 1147 villam
699 1075 745 1145 de
763 1072 892 1146 Veteri
918 1071 1105 1145 Abbirdon
1133 1112 1141 1130 ·
1167 1075 1351 1146 dimidiam
1376 1098 1504 1167 aquam
1532 1076 1577 1147 de
1602 1076 1751 1148 Northi

411 1187 534 1279 Sclaty
550 1225 558 1242 ·
577 1187 673 1260 Goul
690 1225 698 1242 ·
717 1185 899 1258 Murcroft
915 1223 924 1242 ·
942 1184 1188 1279 Kynmondy·
1207 1185 1455 1259 Malmeulach
1474 1227 1482 1244 ·
1502 1197 1540 1260 et
1565 1183 1751 1261 ecclesiam

410 1300 455 1370 de
468 1298 639 1393 Kyrkton
657 1340 665 1356 ·
681 1298 844 1371 Schiram
861 1299 906 1369 de
919 1297 1003 1368 ciat
1017 1338 1025 1355 ·
1040 1297 1203 1371 Schiram
1220 1299 1266 1370 de
1278 1296 1509 1391 Tulinestyn·
1525 1297 1686 1371 Schiram
1706 1301 1751 1371 de

409 1410 513 1483 Rene
531 1451 539 1467 ·
555 1410 716 1482 Schiram
734 1411 780 1482 de
793 1409 941 1502 Dauyot
958 1433 1039 1480 cum
1057 1410 1284 1502 pertinentiis
1301 1411 1496 1483 earundem
1514 1419 1552 1481 et
1569 1407 1748 1483 ecclesiis·

410 1524 587 1595 decimam
613 1545 742 1594 canum
772 1523 918 1594 navium
945 1545 1015 1613 que
1040 1523 1192 1594 veniunt
1218 1522 1314 1614 apud
1339 1520 1512 1593 Aberden
1538 1562 1546 1579 ·
1574 1523 1749 1595 decimam

409 1658 551 1707 annone
568 1635 606 1704 iii
624 1635 751 1706 eodem
768 1632 868 1706 loco·
883 1634 1060 1705 decimam
1077 1655 1196 1705 meam
1214 1633 1258 1704 de
1275 1633 1476 1705 redditibus
1494 1634 1540 1706 de
1553 1632 1747 1706 Aberden·

409 1749 585 1820 decimam
599 1747 847 1841 thanagiorum
859 1746 1090 1816 [reddituum
1104 1755 1142 1816 et
1155 1743 1376 1817 escaetarum
1388 1768 1447 1818 me
1460 1748 1749 1840 contingentium
1768 1792 1773 1801 ·

409 1861 502 1932 infra
514 1860 786 1931 vicecomitatus
803 1858 848 1929 de
861 1855 1034 1928 Aberden
1053 1867 1091 1928 et
1104 1859 1149 1928 de
1162 1855 1275 1929 Banff
1284 1895 1293 1912 ·
1307 1855 1496 1930 Tenendas
1513 1867 1552 1929 et
1568 1858 1748 1930 habendas

410 1973 504 2043 dicto
523 1969 697 2065 Episcopo
716 1969 883 2042 Nestano
906 1979 945 2040 et
970 1971 1047 2039 eius
1072 1966 1323 2040 successoribus
1346 1970 1527 2063 inpurum
1545 1969 1748 2042 etliberam

408 2081 637 2156 elemosinam
654 2086 706 2156 ita
722 2083 834 2154 libere
851 2079 941 2154 sicut
958 2081 1078 2172 aliqua
1093 2077 1286 2153 elemosina
1303 2082 1341 2152 in
1357 2105 1468 2177 regno
1485 2106 1566 2155 meo
1580 2094 1726 2155 tenetur
1740 2132 1747 2140 -

407 2194 512 2268 Teste
525 2194 657 2289 meipso
671 2196 765 2289 apud
781 2195 904 2266 Forfar
914 2232 922 2248 ·
934 2193 1044 2265 Anno
1058 2191 1176 2287 Regni
1189 2194 1261 2263 mei
1276 2193 1416 2265 decimo
1428 2196 1537 2265 tertio
1550 2233 1558 2249 ·
1571 2190 1748 2268 tricesimo

408 2308 466 2378 die
482 2303 612 2378 mensis
629 2307 730 2400 Junij
750 2345 758 2361 ·

407 2643 518 2714 Carta
535 2640 723 2715 Malcolmi
741 2641 852 2735 Regis
870 2639 1046 2712 Eduardo
1064 2636 1239 2733 Episcopo
1258 2638 1505 2713 Aberdonensi
1524 2639 1683 2716 concessa
1701 2686 1708 2700 ·

408 2846 658 2969 malcolmus
682 2867 739 2936 dei
764 2865 880 2958 gratia
897 2863 978 2934 Rex
996 2860 1205 2933 Scottorum
1225 2864 1390 2935 omnibus
1406 2866 1526 2958 probis
1544 2866 1747 2938 hominibus

407 2980 519 3049 totius
545 2989 640 3050 terre
659 2975 721 3048 sue
747 2975 911 3048 Salutem
930 3014 938 3032 ·
957 2974 1087 3046 Sciatis
1109 2997 1170 3047 me
1194 2972 1326 3047 dedisse
1351 2987 1390 3048 et
1415 2976 1661 3051 confirmasse·
1679 2980 1747 3050 deo

408 3099 446 3160 et
470 3090 577 3161 beate
602 3092 713 3161 marie
731 3099 797 3159 ·-et
821 3088 929 3160 beato
954 3087 1137 3158 machorio
1154 3098 1193 3159 et
1210 3087 1386 3160 Edwardo
1412 3087 1588 3184 Episcopo
1605 3131 1614 3148 ·
1631 3091 1748 3164 Aber.

407 3199 553 3273 donensi
579 3240 587 3257 ·
611 3212 726 3274 totam
753 3201 875 3272 villam
901 3200 946 3271 de
972 3201 1086 3271 veteri
1112 3198 1286 3271 Aberdon
1305 3220 1317 3272 i
1337 3201 1521 3274 dimidiam
1547 3227 1676 3297 aquam
1702 3205 1748 3276 de

408 3312 530 3385 North
551 3337 622 3407 que
640 3312 745 3384 Done
768 3314 899 3383 dicitur
915 3349 923 3367 ·
941 3311 1045 3405 Slaty
1062 3350 1070 3366 ·
1087 3311 1206 3384 Goule
1224 3353 1232 3370 ·
1251 3311 1432 3386 Murcroft
1449 3351 1457 3369 ·
1475 3314 1744 3411 Kynmonedy·

408 3423 655 3498 Malmeulach
672 3465 680 3481 ·
698 3425 860 3497 Schiram
878 3425 923 3495 de
941 3423 1042 3495 Olatt
1059 3462 1068 3479 ·
1086 3421 1247 3496 Schiram
1271 3424 1315 3496 de
1331 3422 1541 3522 Tulinestyn
1559 3465 1568 3484 ·
1585 3428 1748 3501 Schirani

408 3536 454 3606 de
466 3536 570 3609 Rane
588 3579 595 3595 ·
615 3537 778 3610 Schiiam
795 3537 839 3608 de
857 3535 1004 3629 Dauyot
1021 3559 1102 3606 cuni
1120 3537 1350 3630 pertiuentijs
1367 3540 1561 3610 earundem
1579 3550 1617 3612 et
1634 3540 1748 3613 eccle·

407 3642 465 3719 siis
479 3689 487 3705 ·
503 3650 676 3723 decimam
691 3673 821 3723 canum
840 3649 987 3721 nauium
1002 3670 1072 3739 que
1085 3649 1236 3719 veniunt
1253 3650 1347 3741 apud
1362 3648 1534 3722 Aberden
1548 3691 1556 3708 ·
1571 3653 1747 3724 decimam

406 3783 548 3833 annone
565 3764 601 3831 in
620 3764 746 3834 eodem
764 3762 843 3834 loco
859 3762 1056 3832 -decimam
1074 3781 1192 3831 meam
1210 3759 1255 3831 de
1272 3761 1472 3834 redditibus
1490 3763 1534 3834 de
1552 3763 1746 3836 Aberden·

407 3872 582 3944 decimam
607 3875 856 3969 thanagiorum
874 3881 912 3944 et
929 3872 1135 3942 reddituum
1153 3881 1192 3943 et
1209 3870 1428 3945 escaetarum
1453 3898 1512 3947 me
1538 3879 1748 3972 contingen·

405 3984 497 4054 tium
523 3986 616 4055 infra
632 3987 903 4058 vicecomitatus
926 3986 971 4055 de
994 3982 1167 4055 Aberden
1194 3995 1232 4056 et
1256 3987 1301 4057 de
1324 3985 1436 4058 Banff
1452 4011 1540 4080 quas
1563 3988 1747 4061 Nectanns

405 4093 589 4190 episcopus
617 4097 743 4169 habuit
769 4122 815 4169 ex
842 4098 1035 4169 donatione
1061 4095 1183 4168 Dauid
1206 4096 1317 4192 Regis
1347 4097 1469 4170 Scotie
1496 4103 1554 4173 aui
1581 4103 1686 4174 mcii
1707 4104 1746 4173 iii

404 4231 530 4300 puram
548 4219 586 4279 et
603 4223 813 4301 perpetuam
831 4206 1060 4281 elemosinam
1077 4217 1116 4279 et
1136 4208 1286 4280 liberam
1304 4206 1395 4282 sicut
1411 4210 1531 4305 aliqua
1554 4210 1748 4286 elemosina

404 4319 550 4390 liberius
581 4330 619 4391 et
649 4321 805 4411 quietius
833 4323 870 4391 in
900 4344 1010 4416 reguo
1035 4343 1116 4391 meo
1142 4330 1290 4392 tenetur
1318 4331 1356 4393 et
1385 4319 1580 4416 possidetur
1606 4363 1615 4382 ·
1641 4322 1746 4397 Teste

403 4428 559 4524 meipso·
576 4429 751 4503 Edwardo
769 4432 993 4505 Cancellario
1010 4431 1223 4503 ·Willelmo
1236 4432 1440 4505 camerario
1458 4434 1508 4507 Et
1525 4436 1651 4508 multis
1668 4438 1747 4529 alijs

402 4543 497 4639 apud
515 4541 737 4638 Edynburgh
755 4567 850 4616 anno
868 4547 967 4639 regni
986 4546 1057 4615 mei
1074 4547 1183 4616 tertio
1201 4545 1328 4617 octauo
1345 4546 1404 4618 die
1421 4546 1658 4620 Decembris·
