4088 5430
345 628 414 693 188
858 616 1167 691 REGISTRUM'
1526 617 1678 712 [ancum

346 929 629 1018 lustramentum
646 931 835 1002 concordie
851 933 947 1000 inter
964 926 1179 1021 Episcopum
1196 925 1490 1000 Aberdonensem
1508 935 1547 999 et
1563 929 1678 998 domi-

346 1066 432 1113 num
459 1043 504 1114 de
530 1042 663 1114 Forbes
687 1041 792 1134 super
821 1052 915 1113 terra
941 1041 987 1110 de
1013 1038 1293 1134 Lurgyndaspok
1324 1062 1387 1134 pro
1414 1050 1577 1134 tempore
1602 1041 1678 1110 vite

347 1155 542 1226 eorundem
559 1191 568 1207 ·

350 1355 404 1453 In
432 1375 503 1448 Dei
529 1377 674 1447 nomine
700 1375 821 1446 Amen
851 1416 858 1432 ·
887 1375 1070 1446 Nouerint
1099 1371 1251 1447 vniuerli
1282 1377 1377 1468 qnod
1406 1398 1500 1447 anno
1528 1374 1678 1447 Domini

348 1485 535 1561 millesimo
565 1483 814 1560 trecentesimo
840 1485 1068 1582 nonagesimo
1095 1490 1211 1582 primo
1240 1490 1435 1559 indictione
1461 1499 1588 1580 quarta
1617 1490 1680 1560 de-

348 1604 441 1674 cima
468 1595 599 1671 mensis
624 1599 712 1693 Julij
740 1600 797 1669 die
827 1600 954 1690 quinta
982 1600 1211 1692 pontificatus
1238 1601 1374 1671 domini
1404 1596 1515 1671 nostri
1543 1602 1679 1671 domini

350 1714 548 1786 Clementis
575 1713 697 1783 diuina
729 1711 956 1804 prouidentia
984 1735 1075 1805 pape
1104 1708 1246 1805 septimi
1275 1736 1371 1784 anno
1400 1714 1510 1784 tertio
1540 1714 1680 1785 docimo

350 1827 445 1920 apud
462 1824 634 1895 Aberdon
652 1825 689 1895 in
707 1846 847 1895 camera
870 1825 1059 1894 reuerendi
1085 1827 1122 1894 in
1147 1820 1288 1896 Christo
1313 1826 1424 1916 patria
1450 1825 1585 1896 domini
1603 1824 1682 1897 Gil-

349 1938 443 2009 berti
461 1934 532 2006 Dei
556 1936 671 2030 gratia
695 1931 850 2027 episcopi
867 1931 1133 2006 Aberdonensis
1158 1945 1304 2029 propter
1323 1937 1392 2007 hoc
1409 1938 1447 2007 in
1463 1937 1536 2007 mei
1552 1937 1682 2029 notarij

350 2047 561 2141 infrascripti
579 2056 618 2118 et
636 2043 913 2140 subscriptorum
939 2042 1085 2117 testium
1104 2048 1148 2117 ad
1174 2047 1241 2119 hoc
1258 2047 1460 2141 specialiter
1476 2058 1684 2120 vocatorum

350 2159 531 2256 presencia
555 2160 811 2254 concordatum
838 2153 891 2228 est
916 2156 1169 2230 interdictum
1196 2159 1382 2229 dominum
1408 2157 1611 2253 episcopum
1637 2184 1683 2231 ex

350 2282 452 2366 parte
477 2294 547 2343 vna
572 2280 611 2342 et
636 2270 821 2340 dominum
846 2268 1049 2339 Johannem
1076 2270 1121 2340 de
1147 2267 1281 2341 Forbes
1310 2272 1495 2342 dominum
1525 2271 1684 2344 eiusdem

350 2384 505 2455 militem
522 2406 569 2454 ex
587 2382 702 2453 altera
725 2381 820 2473 quod
846 2390 924 2451 tota
949 2390 1044 2451 terra
1061 2381 1106 2451 de
1124 2379 1405 2476 Lurgyndaspolr
1430 2386 1526 2454 inter
1550 2384 1685 2455 riuulos

352 2499 398 2568 de
424 2494 633 2567 Condeland
659 2502 697 2564 et
723 2492 909 2563 Cotburne
926 2517 947 2563 a
964 2494 1081 2585 capite
1099 2490 1207 2584 vsque
1233 2495 1278 2565 ad
1303 2495 1432 2586 pedem
1456 2505 1495 2566 et
1520 2504 1615 2568 terre
1640 2497 1686 2567 de

351 2605 619 2702 Tulycoscheny
647 2614 754 2675 erunt
783 2606 822 2674 in
852 2606 1033 2675 communi
1068 2606 1163 2675 inter
1195 2602 1288 2698 ipsos
1322 2630 1385 2698 pro
1416 2618 1494 2677 toto
1524 2617 1687 2701 tempore

352 2719 508 2815 ipsorum
527 2717 635 2811 vsque
661 2718 706 2788 ad
732 2716 868 2786 obitum
897 2716 1045 2787 alterius
1069 2714 1224 2807 ipsorum
1250 2720 1501 2809 premorientis
1518 2715 1592 2789 fine
1609 2744 1688 2813 pre-

353 2834 485 2906 iudicio
502 2825 648 2903 ecclesie
666 2828 724 2899 vel
751 2825 982 2899 successorum
1002 2827 1154 2921 episcopi
1178 2825 1239 2900 seu
1256 2830 1429 2900 heredum
1448 2828 1534 2902 dicti
1551 2831 1687 2902 domini

353 2947 378 3018 J
380 2946 530 3017 ohannis
543 2981 552 2998 ·
566 2953 603 3012 et
614 2940 764 3012 'nemora
777 2941 950 3010 didrarum
965 2950 1139 3010 terrarum
1154 2953 1259 3012 erunt
1273 2944 1479 3013 communia
1490 2943 1585 3013 inter
1596 2941 1687 3036 ipsos

354 3055 558 3152 episcopum
575 3063 613 3124 et
626 3053 649 3123 J
652 3053 829 3123 ohannem
844 3048 892 3122 sic
905 3052 1000 3143 quod
1014 3062 1163 3143 vterque
1180 3053 1333 3145 ipsorum
1352 3054 1538 3125 licentiare
1555 3058 1689 3148 poterit

354 3170 516 3241 homines
542 3164 621 3238 suos
646 3165 806 3258 proprios
832 3173 975 3234 tuntum
997 3164 1041 3234 ad
1060 3160 1251 3233 secandum
1269 3176 1307 3235 et
1325 3165 1519 3236 dolendum
1544 3167 1581 3236 in
1607 3162 1689 3259 ipsrs

354 3279 560 3353 nemoribus
571 3319 579 3335 ·
592 3288 630 3349 et
643 3276 796 3368 quilibet
809 3274 962 3366 ipsorum
974 3274 1120 3344 habebit
1132 3272 1352 3347 forestarium
1368 3274 1469 3348 suum
1484 3281 1665 3372 proprium
1680 3320 1688 3337 ·

354 3404 393 3465 et
405 3393 684 3464 amerciamenta
700 3388 886 3457 hominum
900 3385 1054 3479 episcopi
1071 3384 1268 3458 secantium
1284 3385 1358 3459 sine
1372 3389 1517 3462 licentia
1535 3389 1690 3487 episcopi

354 3505 589 3597 pertinebunt
606 3502 650 3572 ad
668 3497 782 3593 ipsum
801 3500 984 3569 dominum
1004 3497 1207 3591 episcopum
1226 3510 1264 3570 et
1281 3502 1559 3574 amerciamenta
1575 3503 1690 3574 homi-

356 3640 443 3688 num
469 3617 553 3687 dicti
579 3613 714 3683 domini
737 3611 913 3682 Johannis
939 3610 1173 3704 pertinebunt
1198 3613 1242 3682 ad
1272 3611 1386 3705 ipsum
1412 3617 1691 3688 amerciamenta

357 3752 441 3800 vero
471 3725 724 3797 forinsecorum
754 3724 962 3793 diuidentur
991 3722 1167 3814 equaliter
1192 3725 1286 3793 inter
1317 3723 1408 3817 ipsos
1438 3727 1475 3795 in
1506 3725 1690 3802 cuiuscun-

357 3864 427 3932 que
444 3841 542 3911 curia
558 3838 693 3908 fuerint
710 3835 857 3906 iudicati
876 3874 884 3890 ·
903 3844 940 3904 et
958 3830 984 3905 si
1002 3835 1188 3927 contingat
1205 3835 1362 3927 prefatos
1380 3838 1541 3908 dominos
1558 3836 1690 3932 episco-

357 3974 443 4045 pum
462 3963 499 4021 et
516 3949 539 4019 J
542 3949 719 4020 ohannem
737 3945 830 4017 velle
854 3946 899 4017 ab
921 3943 986 4017 ista
1010 3947 1235 4017 ordinatione
1261 3950 1485 4019 concorditer
1510 3947 1689 4024 discedere

358 4071 396 4134 et
421 4061 762 4155 perambulationem
789 4061 884 4128 inter
909 4057 999 4151 ipsos
1017 4058 1062 4128 de
1078 4057 1225 4150 prefatis
1250 4061 1357 4129 metis
1375 4069 1412 4130 et
1429 4062 1533 4132 terris
1558 4062 1689 4135 habere

357 4175 425 4244 hoc
450 4182 618 4266 poterunt
637 4172 920 4263 quandocunque
937 4194 984 4241 ex
1005 4171 1186 4241 communi
1213 4173 1401 4244 concordia
1418 4170 1599 4266 utriusque
1623 4173 1690 4248 ista

357 4285 597 4357 conuentione
615 4306 686 4352 non
704 4278 887 4352 obstante·
901 4283 946 4352 de
963 4282 1093 4374 quibus
1110 4283 1274 4352 omnibus
1291 4282 1446 4354 fideliter
1463 4283 1690 4360 obseruandio

359 4418 439 4491 pars
464 4406 612 4486 utraque
637 4416 701 4486 per
725 4416 853 4464 manus
880 4394 1024 4466 dextras
1050 4394 1138 4464 mihi
1169 4396 1307 4465 notario
1335 4394 1557 4490 infrascripto
1583 4398 1690 4471 fidem

359 4509 481 4581 dedit·
496 4503 725 4576 Presentibus
739 4504 1001 4576 venerabilibus
1015 4508 1097 4576 viris
1113 4501 1287 4600 magistris
1305 4515 1343 4576 et
1361 4507 1513 4578 dominis
1523 4509 1690 4586 Johanne
