4088 5430
348 562 420 693 ise
868 611 1172 690 aneisrnnii
1537 615 1689 711 [secun

347 814 419 888 suis
451 816 497 888 ad
531 837 620 909 quos
653 812 836 909 presentes
868 814 974 885 litere
1007 814 1240 907 peruenerint
1272 809 1423 885 salutem
1456 850 1466 870 ·
1499 812 1690 887 Accedens

349 952 465 1022 nuper
490 929 536 999 ad
563 923 719 999 nostram
748 924 964 1020 presentiam
991 925 1204 997 venerabilis
1232 935 1335 1019 pater
1357 924 1478 997 Adam
1505 924 1691 1020 episcopus

350 1036 618 1112 Aberdonensis
643 1040 746 1110 nobis
771 1062 854 1111 cnm
880 1034 1054 1110 instancia
1078 1034 1294 1130 supplicauit
1310 1039 1479 1129 quatinus
1497 1062 1579 1110 eum
1596 1041 1692 1112 vice·

274 1210 277 1217 .
351 1155 502 1224 comites
519 1163 558 1225 et
573 1149 726 1223 ministri
751 1149 861 1223 nostri
884 1152 923 1222 in
940 1147 1183 1244 distringendo
1200 1172 1264 1243 pro
1281 1147 1444 1221 secundis
1461 1151 1608 1223 decimis
1627 1149 1691 1223 libi

352 1264 484 1335 debitis
509 1266 712 1356 ubicunque
739 1264 778 1334 in
803 1258 911 1357 ipsius
936 1258 1090 1355 episcopi
1118 1261 1356 1354 preludioium
1384 1262 1596 1335 multotiens
1620 1259 1692 1335 sint

352 1371 483 1446 remiffi
517 1372 583 1447 sibi
616 1376 662 1446 de
691 1373 834 1469 speciali
867 1375 983 1469 gratia
1016 1374 1212 1446 concedere
1246 1374 1475 1468 dignaremur
1499 1375 1594 1467 qnod
1627 1398 1694 1468 per

352 1510 470 1558 maros
493 1499 531 1559 et
552 1484 733 1558 ministros
759 1482 839 1557 suos
866 1486 1025 1579 proprios
1052 1482 1165 1579 posset
1190 1484 1357 1579 compelli
1383 1485 1500 1558 facere
1524 1488 1691 1579 quotiens

354 1600 548 1695 indiguerit
577 1599 790 1670 auetoritate
824 1593 944 1668 nostre
972 1598 1071 1691 regia
1099 1621 1163 1691 pro
1193 1597 1341 1669 decimis
1374 1599 1597 1669 antedictis·
1624 1621 1692 1671 nos

354 1713 465 1807 igitur
481 1710 777 1805 supplicationem
793 1707 997 1781 huiusmodi
1014 1705 1142 1781 iustam
1160 1717 1198 1780 et
1213 1709 1465 1781 rationabilem
1481 1719 1693 1804 reputantes

355 1824 454 1895 illam
471 1820 536 1895 sibi
557 1826 595 1894 in
613 1824 774 1894 fauorem
790 1818 843 1893 sui
861 1831 899 1894 et
919 1818 1066 1893 ecclesie
1083 1822 1140 1893 cui
1158 1817 1314 1915 presidet
1339 1822 1508 1893 duximus
1533 1824 1693 1895 caritatis

356 1938 491 2007 intuitu
521 1936 788 2007 concedendam
817 1974 825 1990 ·
856 1956 967 2026 quare
1000 1934 1166 2005 omnibus
1193 1941 1232 2005 et
1258 1929 1404 2028 singulis
1433 1934 1625 2005 baronibus
1655 1945 1694 2006 et

355 2048 575 2119 tenentibus
597 2055 775 2118 terrarum
809 2055 847 2118 et
880 2055 1170 2117 tenementorum
1204 2046 1250 2116 de
1283 2046 1412 2138 quibus
1445 2042 1694 2118 Aberdouensi

356 2156 504 2231 ecclesie
521 2161 659 2231 decime
680 2155 834 2230 secunde
852 2158 1032 2228 debentur
1048 2155 1173 2227 damus
1198 2165 1324 2227 tenore
1349 2155 1568 2249 presentium
1585 2159 1697 2229 firmi-

356 2280 413 2341 ter
438 2272 475 2340 in
503 2271 682 2341 mandatis
712 2270 881 2362 quatinus
909 2269 1017 2339 maris
1047 2277 1086 2339 et
1114 2263 1285 2338 ministris
1314 2269 1444 2360 prefati
1474 2266 1628 2364 episcopi
1656 2280 1696 2343 et

356 2379 500 2452 suorum
517 2376 752 2453 successorum
770 2381 937 2472 quotiens
961 2380 1157 2473 indiguerit
1174 2379 1232 2450 vel
1257 2380 1478 2475 indiguerint
1500 2383 1538 2452 in
1559 2378 1696 2455 distric-

357 2494 456 2564 tione
474 2516 537 2587 pro
554 2491 717 2565 secundis
743 2492 891 2563 decimis
908 2489 1088 2562 soluendis
1113 2487 1178 2583 ipsi
1204 2488 1368 2585 episcopo
1388 2501 1425 2565 et
1440 2490 1511 2564 suis
1527 2490 1697 2565 suecesso-

357 2605 455 2675 ribus
471 2603 591 2676 nostra
606 2627 672 2698 per
687 2599 868 2697 presentes
885 2604 1099 2674 auetoritate
1116 2602 1280 2675 facienda
1302 2614 1451 2696 pareant
1468 2606 1639 2678 obediant
1655 2619 1695 2678 et

358 2717 551 2788 intendant
573 2713 638 2787 sub
664 2717 762 2786 omni
787 2738 881 2809 pena
897 2739 967 2808 que
985 2715 1159 2808 competit
1182 2723 1247 2786 aut
1269 2726 1474 2810 competere
1498 2720 1632 2810 poterit
1656 2721 1696 2790 in

358 2829 546 2899 futurum·
566 2828 705 2899 Datum
730 2825 795 2899 sub
821 2825 1026 2900 testimonio
1050 2823 1162 2897 nostri
1186 2829 1306 2921 magni
1331 2823 1437 2922 sigilli
1462 2831 1557 2923 apud
1583 2830 1697 2904 Gleii-

292 2936 302 2956 '
359 2936 581 3034 qwbongloss
604 2934 773 3034 vigesimo
796 2936 899 3011 sexto
923 2940 981 3010 die
1004 2934 1135 3009 mensis
1158 2935 1313 3033 Augusti
1340 2963 1435 3012 anno
1457 2944 1557 3037 regni
1585 2939 1695 3014 nostri

360 3052 598 3123 duodecimo·

362 3387 577 3481 Preceptum
596 3389 689 3483 regis
708 3386 858 3458 Roberti
877 3387 973 3479 quod
989 3385 1137 3482 registra
1155 3389 1431 3481 perquirantur·

363 3583 559 3684 Robertus
593 3611 664 3682 Dei
698 3611 815 3703 gratia
847 3633 911 3682 rex
947 3611 1159 3682 Scottorum
1188 3612 1382 3684 venerabili
1415 3615 1506 3707 patri
1541 3611 1699 3686 Johanni

362 3719 524 3818 episcopo
542 3717 792 3794 Dunkeldensi
818 3722 1031 3794 cancellario
1053 3719 1172 3795 nostro
1189 3721 1341 3795 salutem
1358 3762 1367 3780 ·
1385 3723 1561 3820 Exposuit
1585 3749 1701 3820 nuper

362 3834 465 3904 nobis
483 3833 696 3904 venerabilis
721 3842 824 3926 pater
840 3832 961 3904 Adam
979 3830 1164 3928 episcopus
1181 3833 1448 3908 Aberdouensis
1464 3840 1561 3930 qnod
1585 3862 1701 3932 nuper

362 3943 444 4016 sede
462 3956 612 4017 vacante
630 3941 779 4017 ecclesie
796 3946 977 4017 antedidce
993 3946 1113 4039 alique
1129 3948 1356 4019 munimenta
1378 3946 1536 4020 eiusdem
1553 3946 1702 4022 ecclesie

362 4055 446 4127 sunt
462 4053 640 4128 maliciose
653 4054 830 4128 subtracta
846 4068 885 4128 et
902 4082 923 4129 a
939 4057 1150 4150 quibusdam
1168 4058 1281 4131 literis
1298 4059 1414 4132 adbuc
1430 4062 1701 4134 remanentibus

363 4162 477 4261 sigilla
492 4169 637 4257 penitus
662 4167 818 4239 lacerata
833 4165 938 4262 super
955 4192 1026 4262 quo
1043 4166 1258 4263 supplicauit
1282 4171 1386 4242 nobis
1403 4167 1468 4243 fibi
1486 4182 1524 4244 et
1541 4170 1700 4245 eiusdem

364 4272 512 4350 ecclesie
537 4279 594 4349 cui
620 4276 775 4372 presidet
800 4280 1054 4374 indempnitati
1080 4283 1240 4354 caritatis
1264 4283 1400 4354 intuitu
1425 4285 1642 4376 prouidere·
1664 4299 1702 4356 et

365 4390 447 4461 ideo
464 4389 564 4460 vobis
582 4390 707 4460 damus
733 4400 859 4462 tenore
876 4388 1097 4484 presentium
1114 4393 1265 4464 firmiter
1281 4395 1318 4463 in
1337 4395 1514 4467 mandatis
1532 4400 1702 4490 quatinus

365 4500 570 4595 precipiatis
586 4500 611 4571 J
613 4501 745 4571 obanni
763 4501 861 4595 Gray
878 4502 1007 4574 clerico
1032 4500 1151 4574 nostro
1176 4503 1376 4575 rotulorum
1394 4514 1433 4577 et
1451 4506 1590 4601 registri
1607 4508 1703 4602 quod

366 4613 546 4689 scrutetur
570 4622 608 4684 et
633 4615 818 4706 perquirat
845 4615 1039 4710 diligenter
1063 4618 1101 4687 iri
1128 4612 1284 4710 registris
1310 4613 1502 4690 nostriset
1529 4622 1638 4692 etiam
1666 4622 1704 4691 in
