4088 5430
346 622 413 688 136
858 604 1161 679 REGISTRUM
1524 607 1676 703 [sacnti

346 813 393 883 Et
412 815 521 883 etiam
538 810 658 881 Adam
678 806 816 902 Pyngyl
833 830 896 900 pro
914 807 1018 875 terris
1035 806 1080 875 de
1098 802 1261 900 Fyngasg
1278 814 1316 876 et
1334 804 1428 899 lytill
1446 804 1648 877 Baldcbas·

346 927 451 996 Dicto
469 926 578 994 etiam
597 923 654 992 die
668 921 712 992 ad
730 921 797 990 hoc
815 919 909 989 idem
922 918 1126 988 faciendum
1143 916 1309 987 dominus
1327 941 1447 988 comes
1460 919 1505 988 de
1518 917 1678 1013 Donglas

346 1032 504 1129 promisit
522 1035 616 1126 quod
634 1056 696 1125 pro
714 1032 818 1102 terris
835 1030 881 1101 de
898 1027 1070 1100 Murtbill
1087 1027 1111 1098 J
1113 1027 1271 1100 ohannes
1290 1029 1385 1101 Crab
1401 1026 1437 1100 se
1457 1052 1521 1122 per
1538 1030 1678 1101 literam

346 1146 444 1219 suam
462 1146 636 1241 obligaret
656 1186 663 1201 ·

347 1482 519 1552 Inliibitio
544 1482 637 1575 regis
654 1480 804 1550 Roberti
830 1479 875 1549 de
900 1477 1068 1548 oneribus
1093 1473 1321 1548 ecclesiarum
1347 1480 1608 1569 pertinentium
1634 1480 1679 1550 ad

346 1590 598 1665 monasterium
616 1592 661 1663 de
679 1592 841 1662 Londors
859 1631 867 1647 ·

350 1796 542 1890 Robertus
561 1815 630 1886 Dei
647 1816 763 1910 gratia
779 1836 842 1884 rex
861 1812 1070 1911 Scottorum
1088 1814 1292 1883 vicecomiti
1309 1810 1428 1883 nostro
1446 1815 1491 1884 de
1509 1814 1680 1886 Aberden

348 1931 404 2001 vel
433 1931 509 1999 eius
537 1927 797 1998 locumtenenti
824 1921 976 1995 salutem
993 1962 1002 1979 ·
1020 1921 1246 2016 conquestus
1271 1922 1324 1996 est
1350 1926 1452 1995 nobis
1471 1926 1681 1997 venerabilis

347 2053 448 2135 pater
466 2041 585 2111 Adam
603 2038 673 2110 Dei
698 2038 815 2131 gratia
839 2032 1023 2129 episcopus
1040 2032 1306 2106 Aberdonensis
1327 2037 1422 2127 quod
1449 2037 1494 2107 de
1517 2061 1682 2131 procura·

347 2153 504 2224 tionibus
528 2146 688 2223 subsidiis
714 2158 752 2218 et
777 2149 1060 2240 reparationibus
1087 2143 1315 2218 ecclesiarum
1346 2150 1605 2241 pertinentium
1635 2151 1682 2220 ad

348 2261 600 2336 monasterium
619 2263 663 2332 de
678 2261 839 2331 Londors
856 2259 948 2329 infra
966 2256 1063 2329 suam
1077 2255 1252 2351 dyocesim
1271 2283 1342 2328 noir
1361 2256 1415 2329 est
1430 2254 1494 2331 libi
1513 2261 1682 2332 haetenus

349 2378 469 2447 debite
503 2373 717 2445 satisfactum
750 2394 870 2465 ymmo
904 2393 968 2462 per
1001 2370 1139 2463 aliquos
1172 2367 1308 2440 nostras
1341 2370 1463 2441 literas
1495 2383 1535 2441 vt
1567 2369 1683 2443 asserit

349 2484 578 2558 ostendentes
594 2485 730 2556 fruetus
747 2482 915 2554 leuantur
930 2479 1157 2553 ecclesiarum
1175 2483 1368 2552 earundem
1387 2482 1472 2553 licet
1489 2507 1552 2577 per
1568 2482 1684 2576 ipsum

350 2597 552 2692 episcopum
576 2597 712 2668 fuerint
728 2591 936 2687 sequestrati
954 2632 962 2648 ·
979 2604 1018 2665 et
1036 2594 1116 2664 ideo
1135 2593 1234 2664 vobis
1251 2594 1402 2665 firmiter
1418 2595 1621 2666 inhibemus
1637 2619 1683 2666 ne

351 2733 412 2782 vos
430 2723 493 2781 aut
511 2709 675 2801 deputati
693 2705 800 2778 vestri
826 2706 1039 2777 auctoritate
1065 2702 1185 2775 nostra
1205 2707 1456 2776 intromittatis
1473 2706 1622 2777 ulterius
1639 2707 1684 2777 de

351 2818 508 2894 ecclesiis
533 2821 700 2913 predittis
717 2819 908 2911 quominus
933 2817 1030 2888 idem
1054 2814 1238 2909 episcopus
1264 2818 1513 2888 auetoritatem
1532 2828 1570 2888 et
1586 2814 1685 2888 iuris·

351 2933 544 3007 dictionem
562 2930 641 3004 suas
658 2942 864 3003 excerceret
882 2931 919 3000 in
936 2926 1067 2999 eisdem
1086 2952 1158 2999 noir
1177 2923 1400 3000 obstantibus
1417 2928 1685 3022 quibuscunque

352 3047 482 3117 litteris
499 3041 626 3117 nostris
639 3045 739 3114 vobis
756 3039 870 3113 forsan
889 3043 925 3110 in
943 3042 1160 3112 contrarium
1178 3042 1277 3133 prius
1292 3036 1404 3111 missis
1416 3079 1424 3101 ι
1436 3039 1572 3111 Datum
1590 3042 1684 3134 apud

354 3158 522 3229 Methsen
543 3155 608 3228 sub
624 3152 739 3250 sigillo
764 3150 882 3226 nostro
909 3151 1045 3223 secreto
1070 3150 1221 3246 septimo
1244 3153 1302 3223 die
1325 3149 1455 3223 mensis
1471 3152 1572 3247 Junij
1590 3177 1685 3225 anno

352 3273 452 3364 regni
471 3265 578 3340 nostri
596 3268 806 3339 duodecimo
825 3306 833 3322 ·

357 3605 572 3697 Preceptum
589 3605 682 3697 regis
700 3601 850 3672 Roberti
868 3603 912 3671 de
931 3599 1133 3672 Farchardo
1151 3599 1356 3696 M⁰t0scliy·

355 3805 548 3900 Robertus
565 3826 635 3898 Dei
659 3827 775 3920 gratia
791 3847 854 3894 rex
873 3822 1081 3894 Scottorum
1101 3824 1231 3895 diiecto
1249 3824 1324 3895 filio
1341 3822 1460 3896 nostro
1478 3824 1686 3899 Alexandro

353 3939 555 4012 Senescallo
573 3940 717 4010 domino
735 3938 781 4007 de
798 3934 991 4029 Badynach
1010 3933 1161 4007 salutem
1179 3975 1187 3991 ·
1206 3935 1397 4007 Accedens
1417 3961 1533 4031 nuper
1548 3938 1592 4009 ad
1610 3936 1689 4009 nos·

352 4062 442 4123 tram
470 4047 684 4143 presentiam
707 4049 828 4119 Adam
857 4047 927 4118 Dei
951 4049 1068 4140 gratia
1084 4045 1350 4118 Aberdonensis
1377 4047 1563 4142 episcopus
1585 4051 1688 4121 nobis

351 4186 434 4234 cuin
460 4157 629 4232 instantia
652 4159 866 4252 supplicauit
891 4161 1059 4250 quatinus
1084 4158 1197 4253 ipsum
1221 4169 1259 4230 et
1286 4170 1398 4230 terras
1424 4159 1503 4231 suas
1519 4161 1565 4232 de
1583 4158 1688 4233 Brass

351 4296 433 4344 oum
459 4270 584 4343 incolis
601 4272 794 4343 earundem
813 4271 858 4341 de
876 4269 1077 4343 Farchardo
1096 4267 1277 4364 M⁰toschy
1293 4281 1332 4341 et
1349 4267 1414 4341 sibi
1433 4272 1688 4344 adherentibus

350 4385 580 4455 redderemus
602 4381 741 4453 securos
766 4383 900 4475 pariter
923 4392 961 4453 et
987 4383 1225 4476 indempnes·
1244 4380 1400 4452 offerens
1429 4379 1465 4453 se
1492 4383 1625 4456 ibidem
1650 4387 1688 4455 in

350 4492 539 4589 conspettu
565 4489 698 4586 consilij
716 4490 826 4564 nostri
844 4493 889 4563 de
905 4489 1029 4566 stando
1046 4495 1114 4565 iuri
1134 4490 1198 4564 sibi
1217 4494 1509 4587 quandocunque
1534 4495 1690 4589 placeret
