4088 5430
524 630 594 696 408
1049 618 1371 694 REGISTRUM·
1706 620 1867 717 [sucum

527 914 821 1007 instrumentum
837 928 1053 1026 poffcffionis
1070 944 1108 1003 et
1125 929 1236 1004 sosine
1262 933 1347 1005 diui
1363 935 1474 1005 annui
1496 933 1658 1005 redditus
1675 932 1764 1004 xxiv
1783 929 1870 1003 soli·

525 1050 651 1119 domm
675 1047 801 1120 datum
829 1048 1048 1142 procuratori
1076 1047 1296 1140 prefatorum
1323 1047 1535 1117 vicariorum
1556 1069 1578 1113 v
1598 1044 1761 1138 Januarij
1789 1065 1867 1114 an.

525 1178 754 1232 ranxxxru.

528 1473 652 1570 Carta
670 1495 849 1568 Willelmi
876 1495 1065 1568 Chesolme
1090 1493 1257 1590 magistro
1282 1494 1420 1566 Jacobo
1446 1495 1704 1567 Strathauchin
1732 1495 1867 1566 reatori

527 1612 571 1682 de
582 1608 760 1703 Balheluy
773 1613 1015 1701 canonicoque
1032 1601 1280 1679 Aberdonenfi
1294 1602 1455 1679 conccffa
1470 1604 1575 1700 super
1586 1630 1705 1679 annuo
1719 1607 1867 1678 redditu

527 1724 723 1794 ottodecim
750 1719 941 1793 solidorum
959 1721 1114 1791 leuando
1140 1719 1186 1791 de
1211 1728 1307 1791 terra
1332 1728 1371 1791 et
1387 1729 1466 1790 orto
1484 1721 1521 1789 in
1548 1721 1625 1789 vico
1652 1721 1836 1791 furcarum
1858 1761 1867 1775 ·

528 1833 707 1905 Faciendo
739 1837 814 1929 regi
841 1833 1029 1905 seruicium
1056 1834 1219 1904 debitum
1249 1839 1288 1901 et
1311 1828 1522 1902 consuetum
1550 1830 1764 1903 ·Abirdene
1799 1834 1867 1902 xix

529 1944 747 2017 Nouembris
765 1968 838 2018 an.
856 1965 1078 2017 nnnxxxrv.

530 2203 824 2297 instrumentum
851 2223 962 2296 safine
988 2222 1143 2295 eiusdem
1171 2226 1280 2294 annui
1299 2223 1461 2293 redditus
1487 2225 1612 2295 datum
1631 2227 1757 2296 eodem
1786 2227 1868 2298 die·
1937 2310 1944 2321 ,

529 2483 654 2580 Carta
680 2502 837 2599 magistri
865 2502 993 2575 Jacobi
1027 2502 1285 2574 Strathauchin
1317 2500 1420 2596 super
1453 2527 1572 2576 annuo
1600 2505 1743 2576 redditu
1768 2508 1868 2578 otto-

527 2618 644 2691 declm
672 2615 862 2688 solidorum
889 2616 984 2687 saca
1013 2614 1153 2706 vicarijs
1179 2614 1276 2686 chori
1304 2624 1414 2707 atque
1446 2614 1550 2708 super
1582 2616 1645 2687 sex
1671 2616 1771 2690 libris
1799 2642 1868 2712 per

527 2728 621 2825 ipsos
639 2731 788 2800 vicarios
806 2729 959 2820 receptis
976 2727 1019 2797 ad
1047 2727 1239 2796 emendum
1257 2725 1366 2797 aliurn
1393 2727 1575 2799 redditum
1592 2728 1653 2800 sex
1671 2726 1866 2802 solidorum

528 2867 591 2936 pro
610 2837 849 2913 anniuersario
867 2834 1025 2932 magistri
1044 2836 1195 2908 Dauidis
1212 2836 1325 2908 Seton
1343 2840 1429 2911 olim
1447 2841 1594 2912 retioris
1612 2842 1657 2912 de
1684 2840 1867 2936 Balheluy

528 2953 742 3026 celebrando
760 2952 946 3023 annuatim
973 2943 1142 3041 vigesimo
1160 2949 1218 3019 die
1236 2946 1347 3020 menti
1373 2950 1474 3042 slulij
1494 2991 1502 3008 ·
1522 2950 1620 3025 Data
1635 2953 1729 3046 apud
1746 2953 1869 3026 Abor-

529 3069 597 3137 den
616 3068 653 3157 iij
674 3059 827 3157 Augusti
845 3081 917 3130 an.
937 3080 1142 3130 unxxxv.

531 3381 825 3475 instrumentum
844 3393 955 3468 safine
973 3393 1130 3467 eiusdem
1148 3396 1233 3468 date
1251 3399 1391 3490 vicarijs
1408 3399 1504 3471 chori
1523 3400 1650 3472 eodem
1667 3401 1750 3472 die·

532 3717 728 3831 Obligatio
747 3735 959 3805 vicariorum
976 3731 1075 3803 chori
1093 3730 1241 3803 ecclesie
1269 3734 1484 3805 cathedralis
1508 3734 1773 3811 Aberdonenfis
1799 3765 1868 3835 pro

529 3852 690 3942 exequijs
708 3847 888 3941 quondam
914 3844 1044 3940 egregij
1064 3845 1129 3913 viri
1156 3843 1315 3939 magistri
1337 3844 1457 3917 Dauid
1486 3846 1623 3919 Setone
1646 3852 1793 3923 rectoris
1819 3855 1868 3926 de

530 3961 709 4051 Balbeluy
736 3961 922 4030 annuatim
949 3956 1197 4027 celebrandis·
1226 3955 1323 4029 Data
1348 3958 1443 4050 apud
1460 3957 1633 4030 Aberdon
1651 3963 1687 4054 iij
1705 3962 1866 4059 Augusti

530 4097 601 4146 au.
620 4090 825 4143 aauxxxv.

533 4387 783 4484 Affedatioun
802 4407 906 4478 made
932 4409 979 4479 be
995 4417 1040 4498 pe
1057 4404 1203 4500 bischop
1220 4406 1306 4477 with
1325 4404 1473 4478 consent
1489 4410 1531 4478 of
1551 4408 1606 4480 his
1624 4410 1800 4503 cheptour
1825 4424 1867 4485 to

531 4519 675 4595 maister
692 4518 904 4590 Alexander
921 4517 1057 4614 Ogiluy
1074 4521 1112 4590 in
1131 4514 1323 4592 Glassauch
1354 4520 1395 4591 of
1415 4530 1460 4611 pe
1489 4520 1604 4592 landis
1620 4523 1661 4592 of
1673 4521 1865 4598 Glaffanch
