4088 5430
349 619 420 693 174
866 607 1172 681 REGISTRUM
1539 609 1691 706 [sucum

347 812 493 882 domino
511 806 723 880 Alexandro
743 804 868 880 Fraser
883 806 1001 878 milite
1018 807 1163 877 domino
1181 807 1227 878 de
1246 805 1396 900 Fylorth
1414 816 1452 878 et
1470 805 1629 901 Symone
1648 810 1693 879 de

346 923 497 994 Straton
514 922 691 1016 armigero
709 917 860 991 testibus
877 920 923 992 ad
940 914 1127 1012 premissa·

347 1143 399 1215 Et
417 1143 497 1239 Ego
515 1142 727 1215 Willelmus
745 1145 790 1215 de
809 1142 971 1237 Spyneto
989 1150 1048 1212 etc
1065 1179 1074 1196 ·
1091 1150 1132 1213 vt
1149 1140 1279 1236 supra·

349 1477 529 1572 Inspefflo
548 1489 586 1551 et
602 1480 794 1551 ratificatio
819 1481 978 1571 quinque
1004 1489 1184 1551 cartarum
1201 1480 1323 1553 Adam
1341 1479 1481 1576 Pyngle
1498 1483 1543 1553 ad
1561 1477 1695 1553 susten·

349 1595 525 1664 tationem
543 1594 647 1663 vuius
665 1590 841 1686 capellani
859 1594 896 1663 in
915 1588 1036 1664 nostra
1052 1586 1224 1664 ecclefia·

350 1791 546 1891 Vniuersrs
563 1815 682 1888 111816
699 1818 824 1887 matris
843 1812 991 1887 ecclesre
1008 1815 1091 1908 filijs
1108 1817 1153 1886 ad
1171 1838 1260 1908 quos
1277 1814 1461 1910 presentes
1478 1816 1599 1890 littere
1616 1842 1696 1913 per-

349 1930 517 2001 uenerint
534 1925 656 1999 Adam
682 1924 911 1999 miseratione
929 1928 1053 1999 diuina
1075 1924 1225 1999 eoeleste
1243 1924 1510 2001 Aberdonensrs
1534 1928 1697 2002 minister

348 2040 494 2112 humilis
529 2038 682 2111 salutem
716 2041 755 2109 in
785 2037 944 2109 Domino
974 2035 1229 2132 sempiternam
1258 2080 1265 2096 ·
1296 2040 1455 2112 Nouerit
1485 2039 1696 2114 vniuersrtas

349 2148 464 2224 vestra
489 2175 554 2222 nos
572 2148 694 2222 vidisse
718 2147 907 2244 inspexisse
924 2160 963 2223 et
983 2151 1142 2244 plenarie
1168 2148 1365 2244 concepisse
1383 2150 1553 2244 quasdam
1579 2165 1696 2225 cartas

348 2265 489 2337 litteras
513 2280 552 2335 et
573 2264 779 2336 euidencias
805 2272 1065 2335 concernentes
1090 2272 1129 2334 61
1155 2265 1383 2335 continentes
1409 2265 1640 2337 donationem
1658 2279 1697 2336 et

348 2373 611 2449 concessionem
637 2398 746 2468 quam
771 2376 859 2447 fecit
886 2376 981 2446 bone
1006 2378 1180 2446 memorie
1205 2373 1326 2447 Adam
1350 2375 1489 2471 Pyngle
1515 2380 1694 2470 quondam

348 2484 533 2584 burgensis
545 2490 590 2559 (19
602 2488 797 2559 Aberdene
811 2489 856 2558 (19
869 2488 1036 2559 omnibus
1048 2489 1155 2559 terris
1169 2485 1240 2559 suis
1254 2489 1299 2558 (19
1312 2487 1544 2560 Foletbroule
1557 2486 1698 2562 fituatis

348 2601 387 2671 in
415 2601 565 2673 baronia
590 2601 635 2670 (16
661 2597 886 2693 Kynedwart
911 2599 1005 2671 infra
1021 2601 1314 2672 vicecomitatum
1341 2604 1386 2673 de
1412 2600 1606 2673 Aberdene
1628 2626 1697 2674 vna

349 2737 432 2784 curn
446 2712 654 2784 molendino
668 2709 827 2783 eiusdem
841 2722 880 2783 et
894 2722 989 2784 terra
1002 2708 1066 2783 fibi
1081 2713 1269 2783 adiacente
1284 2736 1367 2782 cum
1380 2713 1488 2805 pleno
1503 2711 1606 2784 cursu
1619 2738 1699 2785 cur-

349 2827 463 2896 reutis
486 2823 594 2894 riuuli
619 2825 714 2894 inter
730 2821 843 2895 distas
868 2832 980 2896 terres
998 2826 1043 2895 de
1062 2823 1298 2895 Folethroule
1316 2833 1354 2894 et
1373 2823 1699 2897 Folethblacwatre

350 2951 388 3007 et
406 2959 490 3007 cum
507 2934 571 3007 illa
586 2936 689 3028 pecie
706 2943 801 3006 terre
815 2935 958 3007 arabilis
975 2937 1116 3008 iacente
1134 2939 1171 3007 iu
1190 2937 1297 3006 terris
1312 2937 1357 3008 de
1372 2935 1699 3009 Folethblacwater

349 3050 445 3120 inter
462 3048 598 3118 dissum
624 3046 782 3117 riuulum
800 3056 840 3118 et
857 3048 952 3118 viam
970 3047 1030 3118 del
1054 3047 1171 3142 garlet
1188 3071 1259 3140 que
1284 3056 1380 3119 terra
1397 3050 1442 3119 1(1
1461 3050 1596 3120 discum
1622 3073 1699 3120 mo-

350 3159 537 3231 lendinum
555 3156 713 3252 spesiare
731 3156 866 3230 solebat
883 3161 1084 3251 antiquitus
1101 3183 1172 3230 vnn
1190 3183 1273 3230 cum
1293 3159 1406 3231 libera
1423 3161 1584 3233 multura
1600 3163 1700 3232 vide·

350 3270 437 3344 licet
455 3267 634 3342 tricesimo
648 3269 729 3341 vase
747 3267 938 3342 cuiussibet
954 3273 1056 3366 grani
1074 3281 1250 3343 terrarum
1269 3269 1411 3342 suarum
1430 3272 1490 3344 del
1508 3272 1699 3345 Blacsorde

350 3379 574 3456 Badechaess
600 3393 638 3454 et
664 3382 990 3455 Folethblaowater
1018 3382 1098 3454 Deo
1124 3392 1163 3454 et
1191 3380 1340 3455 ecclesie
1367 3384 1474 3456 beate
1502 3383 1622 3456 Marie
1653 3387 1698 3456 (16

350 3495 547 3568 Aberdene
565 3496 610 3567 ad
628 3492 927 3567 sustentationem
941 3497 1045 3566 vuius
1062 3494 1239 3587 capellani
1255 3494 1378 3566 diuina
1391 3495 1507 3567 officia
1524 3499 1561 3566 in
1578 3493 1699 3568 nostra

350 3605 500 3680 ecclesia
517 3602 767 3679 Aberdonenfi
791 3607 1007 3679 celebraturi
1033 3630 1106 3677 non
1124 3608 1273 3678 viciatus
1290 3630 1362 3677 non
1382 3607 1598 3680 cancellatas
1624 3632 1697 3679 non

350 3722 502 3792 abolitas
519 3744 586 3791 nec
605 3720 642 3790 in
660 3719 781 3811 aliqua
805 3715 947 3790 suarum
974 3721 1130 3813 partium
1157 3715 1336 3812 suspeslas
1353 3718 1414 3790 sed
1433 3723 1530 3791 omni
1549 3723 1642 3793 vicio
1659 3734 1697 3793 et

350 3832 544 3925 suspitione
562 3844 727 3903 carentes
742 3841 782 3902 vt
799 3831 901 3902 nobis
919 3830 1114 3923 apparebat
1128 3871 1136 3887 ·
1152 3854 1302 3922 quarum
1317 3854 1387 3903 vna
1404 3827 1558 3927 sigillata
1575 3830 1697 3929 figillis

350 3945 486 4015 domini
506 3943 685 4015 Willelmi
704 3946 846 4016 comitis
864 3945 909 4016 de
923 3940 1012 4014 Ross
1029 3967 1145 4037 nuper
1162 3942 1322 4015 defunsi
1341 3952 1379 4014 et
1394 3943 1562 4038 Hugonis
1579 3946 1697 4017 fratris

350 4054 509 4128 eiusdem
527 4058 738 4127 continebat
756 4057 987 4127 donationem
1005 4062 1043 4125 et
1061 4051 1322 4127 concessionem
1336 4079 1444 4148 quam
1458 4057 1575 4129 dissue
1586 4058 1696 4153 Hugo

350 4192 420 4240 vna
438 4190 520 4239 cum
535 4164 707 4239 consensu
724 4168 876 4261 predisti
890 4166 1010 4238 fratris
1023 4164 1075 4237 sui
1089 4168 1233 4237 comitis
1246 4167 1292 4238 de
1303 4166 1393 4238 Ross
1410 4168 1546 4240 fecerat
1561 4170 1605 4240 de
1620 4193 1697 4263 pre-

350 4280 453 4351 (111111
471 4280 576 4350 terris
594 4280 639 4351 de
654 4278 888 4350 Folethroule
905 4301 988 4351 curn
1006 4280 1239 4372 pertinenciis
1256 4278 1417 4371 predisto
1431 4278 1516 4352 Ade
1530 4280 1670 4377 Pyngle
1687 4323 1695 4338 ·

350 4401 388 4463 et
413 4390 485 4464 alia
511 4385 665 4485 sigillata
690 4388 806 4485 sigillo
832 4392 982 4484 predicti
1000 4390 1083 4463 Ade
1101 4389 1241 4486 Pyugle
1259 4414 1329 4463 vna
1354 4415 1438 4463 cum
1464 4388 1579 4488 figulo
1602 4417 1698 4466 corn-
