4088 5430
344 629 414 700 192
856 609 1159 689 REGISTRUM
1523 615 1674 710 [secum

345 821 440 893 omni
467 818 538 891 alio
562 813 710 888 seruicia
736 814 921 884 exattione
938 811 996 883 rel
1022 812 1198 884 demanda
1211 834 1285 904 que
1306 812 1351 882 de
1372 813 1465 884 ditta
1491 825 1586 888 terra
1610 841 1674 911 per

346 955 411 1004 nos
436 930 494 1002 vel
519 923 727 1001 successores
753 920 888 996 nostros
916 926 1011 1019 exigi
1041 926 1200 1017 poterint
1223 923 1281 994 vel
1306 927 1437 1016 requiri
1462 966 1470 983 ·
1494 924 1674 1001 reseruato

346 1043 448 1115 nobis
473 1051 511 1114 et
535 1035 785 1112 successoribus
810 1033 938 1106 nostris
963 1035 1168 1107 molendino
1193 1032 1312 1107 nostro
1338 1037 1383 1106 de
1404 1035 1567 1132 Fyngalk
1592 1064 1675 1111 cum

347 1156 461 1228 crofta
478 1164 516 1226 et
532 1149 675 1246 pastura
691 1152 736 1222 ad
753 1151 849 1221 idem
866 1148 1112 1218 molendinum
1135 1149 1399 1241 pertinentibus
1417 1190 1425 1205 ·
1444 1146 1536 1243 ipsos
1552 1161 1675 1224 tamen

349 1267 469 1339 Adam
483 1275 521 1338 et
534 1265 682 1337 heredes
695 1261 775 1333 suos
792 1262 968 1356 predictos
981 1283 1022 1331 ac
1035 1256 1235 1330 husbandos
1249 1260 1293 1330 de
1308 1259 1470 1355 Fyngalk
1482 1263 1534 1333 ita
1547 1262 1676 1336 liberos

349 1380 394 1451 ad
411 1378 656 1450 molendinum
683 1375 815 1445 ibidem
841 1369 931 1443 sicut
956 1394 1021 1442 nos
1044 1368 1163 1442 sumus
1181 1373 1225 1441 de
1242 1371 1357 1443 bladis
1382 1369 1510 1443 nostris
1528 1374 1676 1448 facimus

349 1514 414 1584 per
438 1488 640 1584 presentes·
659 1484 734 1581 ipse
758 1495 880 1557 tamen
899 1483 1018 1555 Adam
1037 1492 1074 1553 et
1091 1484 1240 1554 heredes
1260 1480 1312 1553 sui
1338 1485 1485 1576 predicti
1511 1486 1614 1557 nobis
1640 1499 1677 1560 et

349 1599 599 1675 successoribus
616 1596 742 1672 nostris
758 1592 988 1668 affistanciam
1004 1590 1189 1667 confilium
1203 1604 1241 1665 et
1253 1596 1502 1667 rationabilem
1520 1597 1678 1670 laborem

350 1738 433 1787 cum
449 1715 585 1785 fuerint
608 1705 766 1803 requisiti
791 1708 908 1779 facere
933 1707 1154 1778 tenebuntur
1172 1746 1180 1762 ·
1198 1707 1350 1798 quilibet
1376 1709 1485 1779 etiam
1503 1710 1679 1786 nieorum

350 1829 522 1899 heredum
547 1847 658 1896 vnum
688 1822 835 1893 calicem
861 1828 1070 1914 argenteum
1097 1818 1155 1889 vel
1184 1818 1281 1889 aliud
1310 1819 1423 1890 iocale
1450 1822 1495 1891 ad
1520 1821 1676 1893 valorem

351 1941 585 2034 quadraginta
618 1934 810 2007 solidorum
843 1933 887 2004 ad
922 1935 1041 2001 minus
1080 1954 1209 2025 magno
1243 1930 1346 2002 altari
1381 1928 1528 2004 ecclesie
1561 1930 1680 2006 nostre

351 2051 564 2123 cathedralis
581 2050 625 2119 de
643 2046 838 2118 Aberdone
855 2046 892 2114 in
909 2040 971 2112 suo
988 2045 1140 2113 introitu
1157 2039 1374 2136 presentabit
1391 2053 1429 2115 et
1446 2043 1589 2116 offerret
1607 2087 1615 2102 ·
1635 2043 1680 2117 In

351 2185 503 2257 quorum
528 2162 689 2232 omnium
719 2155 962 2228 testimonium
991 2151 1144 2248 figillum
1173 2151 1333 2226 nostrum
1360 2179 1430 2227 vna
1457 2178 1541 2227 cum
1566 2152 1680 2252 figillo

352 2275 532 2348 communi
551 2270 697 2364 capituli
715 2266 824 2339 nostri
841 2265 1063 2360 presentibus
1076 2262 1130 2337 est
1142 2264 1336 2360 appensum
1350 2308 1358 2325 ·
1372 2267 1508 2338 Datum
1523 2269 1560 2363 in
1576 2270 1683 2340 domo

352 2383 471 2458 nostra
487 2383 674 2478 capitulari
700 2380 794 2474 apud
811 2378 1006 2449 Aberdone
1023 2373 1189 2449 vicefimo
1207 2390 1334 2470 quarto
1351 2380 1410 2450 die
1427 2378 1563 2473 Aprilis
1588 2405 1682 2453 anno

353 2500 467 2594 gratie
484 2492 673 2568 millesimo
691 2487 940 2563 trecentesimo
958 2487 1184 2585 nonagesimo
1202 2487 1382 2562 secundo,

355 2834 589 2908 Confirmatio
615 2827 768 2923 episcopi
794 2825 897 2921 super
921 2829 1019 2921 petia
1043 2836 1139 2899 terre
1165 2829 1268 2898 iuxta
1292 2831 1480 2901 canoniam
1507 2831 1551 2902 de
1571 2835 1683 2903 veteri

355 2942 551 3019 Aberdone
568 2983 576 2999 ·

356 3147 551 3246 Vniuersrs
579 3163 761 3260 presentes
790 3164 913 3234 literas
939 3162 999 3234 seu
1027 3161 1169 3257 presens
1196 3165 1379 3257 publicum
1409 3162 1687 3238 instrumentum

354 3279 566 3376 inspecturis
591 3277 778 3350 Gilbertus
803 3273 1029 3348 miseratione
1060 3276 1183 3348 diuina
1212 3275 1396 3371 episcopus
1421 3277 1686 3352 Aberdonenfis

356 3420 397 3468 ac
425 3394 581 3465 decanus
607 3401 644 3461 et
673 3388 870 3481 capitulum
897 3383 1044 3459 ecclesie
1071 3389 1117 3458 de
1142 3387 1336 3459 Aberdone
1362 3387 1511 3461 salutem
1540 3400 1578 3461 et
1608 3388 1688 3462 sub-

356 3506 495 3599 scriptis
514 3504 621 3573 lidem
647 3500 831 3572 indubiam
849 3500 1017 3571 adhibere
1036 3539 1044 3555 ·
1064 3498 1108 3568 In
1126 3495 1283 3570 vestrum
1300 3503 1460 3572 omnium
1478 3504 1687 3593 deducimus

357 3619 526 3689 noticiam
554 3637 620 3684 nos
645 3612 852 3704 exemplum
880 3610 1027 3703 sequens
1052 3609 1234 3683 cuiusdem
1261 3611 1367 3683 litere
1393 3613 1487 3686 bone
1516 3617 1688 3687 memorie

359 3728 559 3800 Alexandri
597 3725 776 3818 quondam
819 3721 970 3815 episcopi
1010 3718 1275 3794 Aberdonensls
1315 3721 1420 3817 super
1458 3728 1688 3799 donationem

358 3837 539 3913 cuiusdam
571 3838 668 3929 petie
695 3846 790 3906 terre
816 3835 919 3905 iuxta
945 3836 1131 3906 canoniam
1157 3836 1202 3906 de
1225 3839 1338 3907 veteri
1361 3837 1533 3908 Aberdon
1557 3839 1688 3911 factam

359 3953 504 4023 domino
529 3948 685 4020 Johanui
713 3948 758 4017 de
785 3945 948 4017 Edname
973 3947 1151 4038 quondam
1178 3949 1349 4019 canonico
1375 3946 1620 4021 Aberdonenfi
1651 3965 1689 4022 et

359 4062 593 4156 prebendario
611 4061 655 4129 de
674 4058 867 4151 Methelyk
892 4081 933 4130 ac
950 4054 1199 4129 successoribus
1223 4055 1294 4129 suis
1311 4055 1433 4130 vidisse
1451 4067 1488 4131 et
1506 4057 1626 4154 legisse
1651 4062 1688 4131 in

360 4173 514 4266 quodam
531 4170 622 4241 libro
639 4173 823 4242 autentico
840 4171 1010 4264 produlto
1029 4170 1073 4239 de
1090 4168 1243 4240 archiuis
1260 4166 1407 4241 ecclesie
1424 4168 1690 4243 Aberdonensrs

361 4297 399 4355 et
416 4283 506 4354 illud
524 4282 715 4375 diligenter
732 4294 768 4352 et
787 4306 868 4354 cum
893 4284 1103 4352 maturitate
1121 4281 1244 4353 debita
1268 4278 1450 4353 ascultasse
1467 4285 1568 4354 cuius
1585 4292 1691 4356 tenor

362 4397 407 4467 de
425 4395 533 4465 verbo
551 4395 587 4463 in
606 4394 755 4464 verbum
773 4391 932 4486 sequitur
952 4403 989 4463 et
1013 4389 1064 4463 est
1085 4392 1193 4464 talis·
1212 4389 1398 4464 Vniuersrs
1423 4393 1542 4466 sancte
1567 4398 1690 4468 matris

363 4503 511 4581 ecclesie
540 4504 623 4575 filiis
652 4501 831 4597 presentes
858 4505 978 4576 literas
1008 4501 1214 4597 inspecturis
1241 4503 1450 4578 Alexander
1476 4505 1547 4578 Dei
1576 4510 1690 4602 gratia
