4088 5430
351 614 396 683 60
868 602 1173 680 REGISTRUM
1537 607 1688 703 [secum

350 806 490 877 suorum
525 830 588 899 pro
623 816 785 898 tempore
818 800 1051 907 existentium
1085 806 1180 898 quod
1215 801 1280 899 ipsr
1309 815 1348 877 et
1378 828 1502 877 eorum
1536 804 1689 897 quilibet
1806 882 1813 897 ¹

349 919 567 1009 conjunt'tim
591 926 629 988 et
650 913 790 988 diuisrm
812 918 974 1010 poterint
998 917 1242 989 inhabitantes
1269 917 1380 989 dittas
1400 926 1513 989 terras
1535 917 1582 988 ad
1597 911 1690 986 solu·

349 1033 485 1101 tionem
520 1030 694 1100 dittarum
729 1031 886 1122 quinque
918 1052 1119 1103 marcarum
1152 1030 1339 1128 annuatim
1377 1027 1689 1123 persolvendarum

349 1152 456 1236 prout
480 1140 640 1235 superius
669 1136 868 1233 expressum
895 1136 947 1211 est
973 1164 1039 1234 per
1061 1141 1301 1212 omnimodam
1332 1139 1515 1213 censuram
1542 1136 1689 1213 ecclesie

350 1254 565 1348 compellere
587 1262 624 1325 et
643 1249 852 1347 distringere
877 1274 950 1322 non
976 1250 1141 1324 obstante
1165 1254 1380 1345 exceptione
1404 1253 1466 1324 i'eu
1491 1254 1689 1324 contradic·

349 1370 448 1437 tione
466 1389 678 1459 quacunque
695 1402 705 1421 ·
720 1364 765 1436 ad
782 1365 1035 1457 quamquidem
1052 1365 1272 1435 coertionem
1293 1373 1332 1435 et
1352 1363 1633 1435 iurisdidtionem
1650 1366 1688 1434 in

349 1491 387 1548 et
417 1489 543 1550 contra
569 1475 814 1549 inhabitantes
844 1476 955 1547 dittas
981 1483 1096 1547 terras
1125 1477 1363 1549 exercendam
1391 1495 1499 1569 prout
1528 1473 1688 1569 superius

349 1587 401 1660 est
423 1587 634 1684 expressum·
647 1587 865 1660 reverendus
895 1589 933 1658 in
954 1584 1095 1658 Christo
1123 1595 1226 1680 pater
1250 1597 1288 1657 et
1314 1588 1478 1659 dominus
1504 1585 1687 1681 episcopus

350 1698 586 1773 Moraviensrs
603 1710 641 1773 et
658 1699 856 1794 capitulum
882 1697 1039 1791 ejusdem
1064 1695 1212 1770 ecclesie
1234 1695 1335 1769 suum
1360 1699 1580 1792 prebuerunt
1605 1724 1689 1773 con-

349 1811 486 1884 sensum
518 1814 652 1906 pariter
676 1821 714 1883 et
743 1805 915 1882 assensum
943 1849 951 1871 ·
976 1807 1021 1880 ln
1051 1811 1153 1882 cuius
1182 1813 1233 1882 rei
1261 1807 1505 1884 testimonium
1532 1809 1688 1908 sigillum

348 1947 469 1997 meum
508 1921 730 2018 presentibus
768 1918 821 1994 est
858 1918 1051 2014 appensum
1085 1933 1124 1993 et
1157 1923 1202 1994 ad
1235 1923 1406 2016 majorem
1444 1922 1686 2018 premissorum

349 2037 565 2108 evidentiam
583 2035 698 2106 araus
715 2035 881 2105 dominus
904 2029 1089 2126 episcopus
1105 2031 1341 2106 Moravienfis
1358 2031 1512 2130 sigilium
1529 2034 1686 2108 suamet

349 2147 546 2241 capitulum
577 2144 735 2238 ejusdem
766 2139 913 2215 ecclesie
939 2167 1003 2237 pro
1028 2142 1065 2217 se
1090 2154 1129 2217 et
1153 2142 1225 2216 suis
1254 2144 1505 2220 successoribus
1532 2145 1686 2243 sigillum

349 2265 540 2330 commune
557 2256 706 2352 capituli
731 2253 887 2350 presenti
906 2255 1089 2329 donationi
1100 2258 1145 2329 'et
1163 2254 1373 2329 conceffioni
1394 2262 1524 2353 apponi
1541 2257 1688 2332 consen·

348 2370 470 2442 serunt
488 2380 526 2442 et
542 2371 707 2441 fecerunt
730 2366 825 2461 apud
850 2370 1037 2440 canoniam
1055 2369 1100 2441 de
1120 2368 1236 2464 Elgyn
1255 2370 1465 2442 duodecimo
1483 2372 1541 2443 die
1557 2368 1687 2444 mensis

351 2483 441 2575 Maij
459 2505 553 2554 anno
571 2480 718 2552 Domini
736 2480 961 2572 mcccxxxiiij
979 2517 988 2535 ·

351 2818 558 2917 Resrgnatio
572 2822 739 2894 Duncani
757 2820 943 2892 Tendman
960 2815 1021 2889 sue
1039 2822 1147 2890 tertie
1164 2823 1466 2913 partisterramm
1485 2824 1530 2895 de
1544 2823 1687 2919 Ledyn-

348 2933 468 3006 toihch
488 2945 525 3004 et
543 2932 695 3004 Rotmas
712 2935 749 3002 in
768 2932 963 3004 utilitatem
982 2929 1133 3001 Henriei
1151 2929 1260 3003 lancti
1279 2933 1469 3005 Michaelis
1486 2972 1496 2995 .

350 3134 505 3231 Notum
529 3152 572 3227 s1t
594 3155 760 3227 omnibus
788 3156 883 3249 quod
910 3157 1037 3248 quinto
1065 3155 1123 3226 die
1148 3152 1279 3227 meniis
1304 3155 1395 3251 Maij
1421 3179 1516 3231 anno
1538 3159 1686 3233 Domini

347 3264 537 3342 millesimo
563 3263 813 3340 trecentesimo
838 3263 1020 3362 trigesrmo
1048 3268 1174 3359 quinto
1202 3292 1321 3365 coram
1347 3268 1450 3341 nobis
1476 3269 1686 3344 Alexandro

350 3382 419 3454 Dei
446 3381 562 3476 gratia
586 3378 750 3474 episcopo
767 3373 1016 3450 Aberdonensr
1032 3381 1069 3450 in
1088 3380 1187 3451 curia
1211 3376 1330 3452 nostra
1349 3382 1565 3476 tentaapud
1581 3384 1686 3458 Bane

349 3497 387 3565 in
410 3515 545 3587 magno,
567 3514 667 3563 orreo
695 3489 851 3562 eiusdem
879 3490 1138 3583 pluribusiide
1166 3491 1282 3586 dignis
1307 3490 1549 3574 tamjclericis
1574 3518 1685 3588 quam

349 3605 449 3676 laicis
474 3604 606 3674 ibidem
628 3600 851 3695 presentibus
868 3603 1068 3695 comparuit
1080 3601 1284 3675 Dunc'anus
1299 3602 1485 3678 Tendman
1503 3603 1686 3691 afferendo

349 3716 385 3787 se
411 3739 535 3786 verum
560 3725 598 3786 et
623 3714 826 3809 legitimum
855 3714 1026 3784 heredem
1053 3714 1098 3784 de
1128 3715 1237 3786 tertia
1265 3727 1368 3809 parte
1396 3726 1572 3789 terrarum
1601 3743 1684 3805 cum

349 3828 576 3920 pertinentiis
599 3827 778 3919 quondam
801 3824 992 3920 Reginsldi
1017 3825 1062 3896 de
1086 3823 1189 3897 Rana
1214 3825 1350 3899 scilicet
1374 3827 1620 3922 Ledyntosach
1646 3840 1685 3907 et

351 3937 520 4010 Rotmase
537 3961 624 4031 quas
641 3949 766 4009 tenere
781 3935 960 4009 clamabat
976 3935 1196 4010 hereditarie
1206 3939 1250 4010 de
1268 3940 1370 4010 nobis
1381 3948 1424 4010 et
1434 3937 1684 4017 sucessoribus

350 4048 478 4122 nostris
508 4062 545 4121 et
575 4050 732 4142 capitulo
760 4043 1008 4121 Aberdonensr
1036 4085 1044 4102 ·
1073 4048 1152 4120 Nos
1181 4072 1265 4121 vero
1293 4051 1456 4124 volentes
1484 4051 1588 4148 super
1615 4056 1684 4128 hoc

348 4164 490 4257 plenius
517 4162 705 4232 informari
734 4162 779 4233 ad
813 4158 1020 4233 instantiam
1054 4159 1138 4230 didti
1168 4159 1335 4235 Duncani
1368 4165 1519 4237 fecimus
1548 4166 1683 4239 'bonam

348 4269 613 4367 inquisitionem
631 4272 676 4342 de
693 4273 812 4365 probis
828 4283 866 4344 et
883 4269 1048 4344 fidelibus
1065 4273 1126 4366 qui
1144 4271 1249 4366 super
1265 4275 1342 4346 iure
1359 4276 1443 4347 dicti
1461 4276 1629 4350 Duncani
1646 4281 1684 4350 in

348 4387 452 4458 terris
466 4385 632 4479 prodistis
646 4385 834 4455 veritatem
847 4383 977 4457 melius
989 4392 1078 4455 tunc
1091 4397 1339 4480 cognouerunt
1373 4391 1520 4462 nomina
1532 4412 1682 4482 quorum

349 4501 410 4593 qui
428 4499 523 4572 diae
546 4490 766 4587 inquisitioni
791 4497 1031 4568 interfuerunt
1050 4493 1132 4568 sunt
1150 4495 1335 4571 Johannes
1352 4498 1457 4572 Pratt
1474 4540 1482 4557 ·
1499 4500 1684 4577 Johannes
