4088 5430
407 636 452 708 16
921 626 1227 701 REGISTRUM
1591 624 1744 721 [sucum

407 829 598 922 Rcdulpho
624 827 786 921 episcopo
804 821 1067 899 Abbirdonensr
1085 835 1125 896 vt
1144 822 1218 918 ipse
1236 837 1274 898 et
1290 820 1499 898 successores
1519 821 1573 896 sui
1594 821 1746 917 episcopi

407 942 563 1014 habeant
579 950 692 1012 terras
709 939 788 1012 suas
805 940 851 1011 de
863 935 971 1010 Braff
980 947 1018 1009 et
1035 939 1080 1010 de
1098 937 1314 1031 Fetbymeir
1330 940 1368 1009 in
1386 938 1535 1009 liberam
1551 932 1719 1009 forestem
1737 977 1745 993 ·

407 1052 528 1140 Quare
557 1054 708 1122 firmiter
740 1051 969 1145 prohibemus
999 1073 1045 1121 ne
1075 1051 1154 1142 quis
1183 1053 1221 1121 in
1251 1049 1356 1122 dictis
1384 1050 1489 1121 terrio
1518 1044 1593 1119 fine
1623 1072 1744 1119 eorum

407 1166 554 1237 licentia
578 1164 675 1235 secet
699 1172 763 1234 aut
784 1171 937 1233 venetur
961 1160 1067 1255 super
1091 1159 1247 1233 nostram
1273 1161 1469 1254 plenariam
1495 1159 1746 1232 soriffaduram
1805 1198 1807 1202 >

408 1278 534 1348 decem
559 1276 729 1347 librarum
751 1316 759 1333 ·
778 1272 942 1346 'festibus
970 1274 1034 1346 A·
1057 1272 1219 1367 episcopo
1246 1267 1465 1345 Morauiensi
1488 1271 1676 1345 ·Henric0
1702 1274 1747 1344 de

312 1395 314 1398 ‘
409 1388 539 1461 Balliol
559 1389 752 1460 camerario
766 1426 774 1443 ·
787 1386 907 1459 Alano
925 1382 1092 1457 hostiario
1105 1423 1114 1440 ·
1126 1385 1222 1478 apud
1239 1383 1451 1477 Kynfawnjs
1469 1381 1595 1456 citano
1608 1385 1747 1455 decimo

410 1503 468 1572 die
486 1500 708 1593 Septembris
726 1522 820 1570 anno
836 1499 938 1592 regni
955 1493 1064 1567 nostri
1082 1491 1247 1567 vicesimo
1265 1498 1391 1567 octauo
1409 1534 1416 1551 ·

411 1803 595 1909 Concessio
613 1831 762 1907 ecclesie
779 1836 824 1906 de
843 1834 1048 1927 Logymar·

20 1998 272 2143 3ngssss
281 2018 405 2148 ‘sfff
412 2035 603 2135 Omnibus
641 2053 771 2130 Christi
813 2057 979 2129 fidelibus
1020 2057 1084 2127 has
1128 2056 1268 2128 litteras
1310 2055 1434 2128 visuris
1476 2057 1535 2129 vel
1576 2059 1749 2130 audituris

24 2165 67 2231 ‘74'
87 2158 201 2233 ‘aar
412 2172 631 2243 Dunecanus
656 2193 776 2242 comes
798 2170 843 2241 de
865 2167 949 2240 Mar
975 2176 1136 2239 eternam
1162 2169 1199 2238 in
1218 2167 1374 2239 Domino
1397 2168 1549 2241 salutem
1567 2209 1576 2228 ·
1596 2171 1750 2243 Noverit

20 2298 334 2383 muffulae
412 2280 622 2355 uniuersitas
640 2279 754 2353 vestra
773 2305 832 2352 me
850 2282 972 2352 diuine
997 2282 1156 2352 caritatis
1179 2282 1314 2351 intuitu
1336 2279 1468 2353 dedisse
1489 2279 1688 2355 concessisse
1711 2294 1749 2355 et

20 2427 51 2451 ²·
70 2417 130 2446 W
147 2373 254 2474 rw&
283 2387 375 2439 sm
411 2399 478 2469 hac
494 2394 649 2490 presenti
670 2404 769 2467 carta
788 2417 869 2465 mea
886 2389 1104 2464 confirmasse
1121 2391 1202 2463 Deo
1219 2404 1258 2463 et
1275 2389 1422 2464 ecclesie
1440 2392 1558 2466 santte
1575 2395 1694 2468 Marie
1711 2406 1749 2468 et

20 2466 186 2607 &fimf
197 2456 382 2625 ssffla
411 2506 520 2581 santti
544 2506 723 2600 Machorij
741 2505 785 2576 de
802 2505 991 2577 Abbirdon
1008 2514 1047 2575 et
1064 2506 1243 2576 canonicis
1263 2506 1397 2577 ibidem
1416 2506 1495 2577 Deo
1512 2505 1750 2580 seruientibus

20 2558 161 2697 ἵθίῖίῖ
182 2647 295 2678 ww
308 2638 380 2713 ἣν
413 2622 458 2693 ad
483 2620 753 2713 ampliationem
778 2618 891 2688 diuini
917 2617 1036 2688 cultus
1059 2626 1098 2687 et
1123 2618 1168 2688 ad
1191 2638 1419 2689 communam
1445 2619 1619 2690 ditiorum
1646 2643 1751 2692 cano-

20 2736 53 2845 „l
86 2715 90 2721 ¹
171 2736 202 2761 ⁶⁴
238 2700 574 2828 W‘ffffnieomm
598 2729 838 2824 ampliandam
864 2739 903 2800 et
925 2730 971 2801 ad
993 2723 1288 2800 sustentationem
1311 2731 1415 2799 vuius
1442 2731 1617 2823 capellani
1642 2754 1749 2823 quem

22 2817 213 2931 ὕψι,
230 2862 383 2939 maus
414 2848 497 2918 ditti
522 2845 684 2916 canonici
709 2843 897 2913 inuenient
914 2842 959 2912 ad
977 2841 1231 2913 celebrandum
1255 2851 1429 2934 perpetuo
1446 2865 1509 2934 pro
1527 2845 1646 2914 anima
1671 2866 1762 2915 mea.

20 2914 271 3057 5222„-
280 2968 452 3073 *la-74⁰²
468 2951 724 3027 antecessorum
750 2976 911 3024 meorum
932 2950 1056 3046 sponse
1072 2976 1153 3024 mee
1170 2961 1208 3023 et
1225 2952 1397 3024 heredum
1423 2977 1584 3024 meorum
1602 2956 1639 3026 in
1657 2956 1751 3027 diua

64 3079 149 3148 ΑΛ,
164 3071 292 3158 pm
311 3088 318 3103 ·
347 3090 378 3127 2-
392 3100 399 3112 ·
414 3064 562 3141 ecclesia
577 3065 696 3139 santte
715 3066 833 3136 Mario
850 3067 912 3136 ubi
931 3066 1014 3136 voui
1031 3074 1070 3137 et
1087 3065 1206 3158 legaui
1223 3087 1350 3158 corpus
1368 3087 1488 3136 meum
1507 3065 1749 3160 sepeliendum

20 3166 39 3200 '²
415 3182 510 3251 inter
520 3179 741 3250 venerabiles
754 3188 875 3271 patres
887 3175 1025 3248 nostros
1039 3173 1220 3270 episcopos
1232 3176 1366 3247 ibidem
1378 3175 1536 3270 sepultos
1547 3218 1554 3234 ·
1566 3174 1750 3251 ecclesiam

415 3294 460 3363 de
479 3291 746 3385 Lagyrothman
763 3291 800 3359 in
819 3289 904 3361 Mar
926 3291 964 3360 in
981 3310 1106 3382 puram
1124 3296 1162 3358 et
1178 3297 1388 3381 perpetuam
1414 3285 1642 3363 elemosinam
1667 3314 1750 3364 cu1n

416 3426 487 3474 una
498 3426 580 3475 acra
591 3413 687 3472 terre
703 3403 807 3471 iuxta
819 3396 1003 3473 ecclesram
1021 3424 1104 3473 cum
1121 3401 1286 3471 omnibus
1303 3396 1402 3472 iustis
1418 3404 1647 3495 pertinentiis
1658 3400 1748 3474 suie-

415 3514 535 3598 Quare
552 3513 717 3584 volumus
738 3521 781 3583 ut
805 3514 962 3605 preditta
987 3509 1135 3584 ecclesia
1159 3514 1265 3584 beate
1287 3511 1405 3584 Marie
1431 3515 1476 3585 de
1497 3514 1685 3587 Abbirdon
1712 3527 1750 3587 et

415 3626 565 3717 preditti
582 3626 745 3696 canonici
770 3625 963 3717 predittam
990 3621 1175 3696 ecclesiam
1193 3625 1237 3695 de
1256 3623 1522 3719 Logyrothman
1539 3627 1751 3700 habeantet

416 3731 612 3829 poslideant
639 3738 729 3808 adeo
758 3735 871 3807 libere
897 3737 1020 3827 quiete
1049 3736 1207 3829 plenarie
1232 3747 1271 3807 et
1299 3737 1493 3809 honorifice
1518 3735 1609 3810 siout
1634 3740 1752 3832 aliqua

417 3842 563 3919 ecclesia
596 3850 633 3917 in
668 3844 796 3919 diocesi
831 3846 1094 3920 Abbirdonensr
1130 3847 1274 3919 liberius
1307 3851 1463 3941 quietius
1500 3851 1679 3943 plenarius
1713 3866 1751 3922 et

416 3960 707 4030 honorificentius
737 3983 783 4030 ex
811 3960 905 4030 dono
931 3960 1080 4031 alicuius
1109 3961 1251 4031 comitis
1273 3961 1331 4031 vel
1361 3962 1501 4033 baronia
1530 3963 1683 4033 babetur
1713 3976 1751 4034 et

416 4066 611 4164 polsrdetur
637 4110 644 4126 ·
667 4067 831 4142 Testibus
859 4072 1004 4142 domino
1031 4070 1223 4164 Radulpho
1257 4069 1420 4165 episcopo
1451 4071 1714 4146 Abbirdonenli
1741 4116 1749 4131 ·

417 4183 561 4252 domino
576 4181 742 4253 Waltcro
759 4183 833 4254 lilio
847 4182 958 4256 Alani
975 4181 1165 4255 senescallo
1185 4194 1223 4255 et
1241 4180 1433 4281 iusticiario
1447 4184 1569 4257 Scotie
1583 4227 1591 4243 ·
1607 4187 1751 4258 domino

416 4294 536 4365 Alano
554 4288 719 4364 hostiario
739 4334 746 4349 ·
766 4296 910 4366 domino
928 4294 1102 4390 Gregorio
1119 4296 1164 4366 de
1182 4293 1397 4367 Malauilla·
1417 4295 1583 4393 magistro
1596 4298 1751 4372 Ricardo

417 4405 557 4477 officiali
582 4403 844 4476 Abbirdonensr
867 4446 875 4464 ·
898 4408 1043 4479 domino
1069 4408 1253 4500 Stephano
1279 4409 1325 4479 de
1352 4407 1497 4502 Dereby
1514 4413 1685 4484 canonico
1706 4411 1752 4482 dc

417 4515 606 4588 Abbirdon
628 4516 800 4587 ·d0mino
823 4516 990 4590 Johanne
1015 4519 1060 4590 de
1086 4519 1206 4591 Seltre
1228 4518 1413 4613 capellano
1439 4522 1575 4593 domini
1597 4521 1750 4616 episcopi

418 4622 710 4720 Abbyrdonensrs
728 4636 767 4699 et
783 4627 862 4699 aliis
880 4669 888 4684 ·
