4088 5430
344 644 413 706 399
865 627 1170 698 ltllGlSTRUM
1543 628 1701 723 [sucum

348 944 405 1013 De
423 953 518 1013 terra
537 935 816 1033 Smythtwaster
833 939 868 1007 in
890 939 968 1008 vico
987 938 1168 1008 furcarum
1190 977 1198 993 ·

348 1143 572 1236 Willelmus
590 1162 770 1255 Bynnyng
796 1156 982 1254 burgensis
1000 1162 1048 1232 de
1065 1160 1239 1232 Aberdeu
1258 1199 1266 1216 ·
1284 1199 1292 1217 ·
1312 1205 1320 1220 ·
1340 1161 1530 1232 Noueritis
1555 1185 1615 1233 me
1634 1203 1642 1218 ·
1664 1204 1672 1218 ·
1694 1205 1701 1218 ·

350 1271 543 1350 vendidille
561 1299 603 1346 ae
620 1273 775 1367 presenti
795 1283 896 1343 carta
921 1295 1004 1343 mea
1020 1274 1288 1364 imperpetuum
1315 1269 1537 1344 coufirmalle
1553 1296 1705 1345 venera·

348 1390 412 1460 bili
444 1390 519 1457 viro
553 1383 722 1480 magistro
758 1384 908 1478 Symoni
944 1382 1059 1453 Dodis
1094 1386 1267 1455 canonico
1302 1380 1451 1456 ecclesie
1485 1385 1705 1457 cathedralis

348 1494 617 1572 Aberdonensrs
635 1519 745 1567 vnum
773 1518 934 1567 annuum
961 1496 1145 1566 redditum
1163 1496 1323 1587 quinque
1349 1495 1542 1567 solidorum
1565 1518 1705 1567 exeun-

351 1625 424 1683 tem
452 1611 639 1680 annuatim
669 1609 713 1678 (le
740 1619 835 1677 terra
861 1607 1034 1676 heredum
1061 1606 1214 1676 Roberti
1241 1605 1350 1676 Eviot
1367 1608 1405 1676 iu
1424 1608 1503 1678 vieo
1520 1606 1704 1678 furoarum

350 1727 492 1794 iacente
505 1723 601 1790 inter
614 1731 746 1789 terram
762 1716 884 1788 Dauid
899 1716 987 1787 Prat
1005 1739 1051 1787 ex
1069 1728 1175 1809 perte
1189 1717 1314 1788 boriali
1329 1729 1367 1788 et
1378 1727 1513 1790 terram
1527 1718 1705 1789 heredum

349 1835 487 1904 'l‘home
513 1832 721 1924 Sohethyne
739 1853 785 1899 ex
803 1825 949 1900 australi
967 1838 1006 1898 et
1024 1850 1134 1897 vuum
1162 1850 1322 1898 annuum
1349 1830 1532 1900 redditum
1550 1830 1704 1900 duorum

351 1945 544 2016 solidorum
571 1952 767 2013 exeuntem
796 1941 985 2011 annuatim
1004 1940 1049 2009 de
1067 1948 1164 2010 terra
1181 1938 1333 2010 Roberti
1360 1939 1536 2011 Buchane
1560 1943 1705 2012 iaoeute

353 2061 389 2127 in
417 2059 495 2126 vico
525 2049 630 2124 castri
656 2053 744 2124 alias
770 2059 980 2144 nuncupata
1006 2048 1037 2119 le
1068 2046 1264 2144 Roynaldir
1292 2049 1423 2146 pawyle
1448 2054 1544 2121 inter
1568 2062 1706 2123 terram

354 2167 527 2238 Mariorie
554 2164 693 2256 Fyehat
724 2187 770 2233 ex
800 2173 903 2254 parte
934 2160 1101 2232 orientali
1131 2184 1177 2230 ex
1206 2183 1277 2231 vua
1302 2172 1341 2231 et
1367 2173 1498 2233 terram
1526 2162 1706 2265 Johannjs

352 2279 492 2349 Cularre
510 2299 555 2345 ex
575 2273 791 2345 occidentali
818 2274 981 2365 partibus
998 2272 1044 2343 ab
1061 2272 1177 2344 altera
1195 2313 1203 2329 ·
1223 2284 1260 2342 et
1280 2295 1389 2343 vuum
1408 2297 1568 2344 aunuum
1586 2276 1707 2346 reddi-

352 2401 430 2458 tum
449 2386 586 2480 septem
600 2383 794 2455 solidorum
810 2381 940 2454 vsualis
958 2394 1105 2454 monete
1122 2385 1224 2478 regni
1238 2382 1362 2454 Scotie
1376 2384 1570 2456 leuandum
1590 2410 1707 2457 annu-

352 2503 441 2571 atim
470 2509 508 2568 et
535 2497 807 2590 percipiendum
836 2496 881 2566 ad
910 2496 1000 2565 duos
1027 2496 1112 2566 anni
1140 2495 1315 2564 terminos
1343 2496 1513 2567 videlieet
1540 2498 1584 2567 ad
1613 2495 1707 2570 festa

352 2607 570 2704 peutioostes
597 2619 634 2678 et
666 2605 776 2679 saneti
804 2607 958 2678 Martini
989 2609 1026 2677 in
1054 2628 1159 2700 yeme
1186 2627 1252 2697 per
1276 2606 1423 2699 equales
1449 2610 1632 2701 portiones
1658 2611 1707 2680 de

353 2723 468 2794 orosto
494 2743 576 2790 meo
602 2722 745 2790 iacente
769 2721 807 2788 iu
829 2720 1010 2788 territorio
1041 2718 1086 2788 de
1113 2717 1288 2788 Aberdeu
1314 2719 1358 2788 ad
1387 2719 1530 2790 boream
1561 2723 1707 2791 iacente

352 2836 449 2904 iuter
474 2831 629 2903 croltum
657 2829 719 2900 seu
745 2839 878 2900 terram
903 2828 1105 2901 Alexandri
1132 2827 1304 2921 Mengeis
1321 2853 1367 2899 ex
1386 2841 1489 2922 parte
1512 2831 1637 2902 boriali
1657 2857 1705 2903 ex

354 2969 424 3016 vna
437 2954 475 3016 et
489 2944 644 3014 croftum
660 2941 721 3012 seu
739 2952 872 3011 terram
891 2941 1065 3011 heredum
1078 2939 1259 3009 Willelmi
1274 2940 1357 3011 Ade
1374 2964 1421 3011 ex
1438 2953 1541 3035 parte
1558 2939 1706 3014 australi

354 3058 400 3128 ab
420 3056 534 3127 altera
553 3095 560 3109 ·
582 3094 589 3108 ·
610 3095 617 3109 ·
639 3054 687 3143 xij
708 3052 838 3142 Meroij
855 3072 927 3121 un.
947 3071 1251 3124 u.cccc.nxxx1x
1269 3093 1278 3108 ·

355 3392 464 3463 Carta
481 3389 659 3460 Johannis
677 3385 882 3456 Andirsone
899 3409 964 3478 pro
982 3385 1178 3477 capellania
1197 3389 1241 3457 de
1261 3387 1481 3459 Aberdeue·

354 3588 388 3689 J
392 3616 552 3686 ohannes
570 3607 774 3682 Andirsone
800 3606 896 3677 filius
914 3615 952 3678 et
973 3607 1078 3678 heres
1104 3609 1286 3699 quondam
1303 3609 1481 3682 Johannis
1498 3611 1706 3685 Audirsone

355 3721 539 3820 burgenfis
557 3725 659 3816 burgi
675 3723 720 3791 de
734 3719 907 3789 Aberdeu
927 3729 1091 3790 eternam
1110 3721 1146 3789 iu
1162 3721 1309 3791 domino
1323 3721 1476 3796 salutem
1491 3767 1499 3782 ·
1515 3725 1707 3800 Noueritis

356 3863 439 3908 me·
464 3877 472 3893 ·
495 3829 717 3905 ·rerrdidille
736 3872 744 3887 ·
765 3871 773 3887 ·
793 3871 801 3887 ·
821 3839 946 3900 curato
972 3841 1011 3900 et
1038 3831 1234 3923 capellania
1260 3833 1416 3928 eollegij'
1429 3834 1579 3908 eoeleste
1603 3862 1708 3932 paro-

356 3948 480 4018 chialia
506 3946 602 4015 beati
632 3942 800 4013 Nieholai
820 3942 866 4011 de
883 3940 1081 4011 Aberdene
1100 3965 1208 4012 vnum
1235 3967 1396 4015 aunuum
1420 3949 1602 4019 redditum
1627 3956 1705 4047 xxij

356 4059 547 4129 l'olidomm
565 4094 573 4110 ·
593 4096 601 4114 ·
620 4094 628 4109 ·
646 4063 844 4125 exeuntem
864 4053 909 4122 de
927 4064 1006 4122 tota
1026 4066 1066 4122 et
1089 4055 1232 4147 integra
1257 4065 1353 4126 terra
1378 4080 1485 4130 mea·
1505 4101 1514 4116 ·
1533 4100 1541 4117 ·
1561 4062 1707 4136 iacente

227 4166 232 4174 ’
356 4171 448 4241 infra
474 4169 609 4238 dietum
637 4166 791 4259 burgum
820 4165 857 4232 in
884 4161 920 4232 le
937 4162 1157 4235 Chakarraw
1174 4166 1271 4235 inter
1296 4176 1429 4238 terram
1454 4170 1577 4242 altaria
1594 4170 1707 4246 sandi

357 4276 557 4352 Sebastiam
594 4300 640 4346 ex
683 4275 849 4346 orientali
894 4297 940 4344 ex
976 4298 1046 4345 rna
1079 4285 1118 4345 et
1153 4285 1286 4346 terram
1330 4281 1511 4369 quondam
1546 4282 1707 4357 Gilberti

359 4390 520 4466 Moril'on
551 4412 597 4459 ex
630 4386 846 4457 occidentali
875 4385 1037 4477 partibus
1063 4408 1109 4455 ex
1135 4386 1250 4457 altera
1279 4399 1317 4458 et
1347 4412 1579 4464 communem
1610 4398 1707 4467 viam

357 4507 490 4598 regiam
521 4498 641 4569 uersus
666 4499 801 4568 boriam
831 4508 869 4566 et
896 4509 1030 4566 terram
1057 4496 1214 4568 Gilberti
1243 4497 1345 4570 Vaus
1372 4502 1417 4572 de
1444 4503 1560 4598 Many
1585 4506 1708 4579 versus
