4088 5430
354 629 442 723 xa]
822 630 1226 705 annnnounusu.
1672 646 1694 713 9

352 840 391 901 et
409 831 454 901 de
467 829 579 901 Banff
586 866 594 884 ·
607 827 795 901 Tenendas
813 842 851 901 et
868 832 1049 903 habendas
1067 833 1160 902 dicto
1178 830 1343 925 episcopo
1360 844 1398 903 et
1415 834 1492 903 eius
1508 830 1695 905 successor-

352 942 431 1012 ibus
457 944 494 1012 in
520 964 645 1034 puram
664 952 702 1012 et
719 942 869 1013 liberam
896 940 1124 1014 elemosinam
1148 947 1237 1015 adeo
1263 943 1375 1015 libere
1397 954 1435 1015 et
1458 947 1580 1037 quiete
1605 942 1694 1018 ficut

352 1053 471 1145 aliqua
488 1049 681 1125 elemosina
697 1053 842 1124 liberius
856 1063 894 1124 et
908 1058 1064 1146 quietius
1082 1066 1228 1127 tenetur
1246 1066 1283 1125 et
1300 1051 1496 1148 possidetur
1508 1095 1516 1111 ·
1529 1054 1694 1130 Testibus

352 1165 472 1236 Alano
497 1163 664 1237 hostiario
689 1164 904 1236 ·Willelmo
932 1166 1094 1260 Comyne
1119 1206 1126 1223 ·
1149 1168 1315 1240 Johanne
1341 1167 1546 1240 Camerario
1569 1211 1577 1225 ·
1599 1172 1693 1264 apud

354 1276 478 1348 Forfar
494 1273 671 1348 tricesimo
689 1278 747 1347 die
765 1275 895 1347 mensis
913 1275 1068 1372 Augusti
1086 1317 1094 1332 ·

352 1613 462 1684 Carta
474 1610 584 1708 Regis
598 1611 776 1682 Willelmi
791 1612 836 1682 de
849 1609 1025 1683 solutione
1043 1610 1275 1684 secundarum
1294 1615 1513 1686 decimarum
1531 1621 1689 1688 omnium

352 1726 557 1796 reddituum
575 1727 612 1794 in
630 1725 940 1796 vicecomitatibus
957 1725 1002 1794 de
1020 1724 1191 1795 Aberden
1210 1736 1247 1795 et
1265 1725 1376 1795 Banff
1388 1767 1395 1781 ·

357 1926 574 2021 Willelmus
597 1949 667 2019 Dei
692 1950 807 2043 gratia
832 1972 897 2018 rex
922 1947 1131 2020 Scottorum
1154 1948 1273 2019 Alano
1293 1945 1473 2021 Hostiario
1493 1948 1689 2043 justiciario

351 2060 413 2133 suo
430 2087 475 2133 ex
493 2072 594 2156 parte
611 2060 744 2131 boreali
762 2058 912 2131 salutem
932 2102 939 2116 ·
959 2060 1051 2130 Cum
1070 2063 1181 2131 frater
1201 2083 1303 2132 meus
1320 2060 1527 2134 concesserit
1544 2065 1689 2135 domino

352 2175 503 2245 Matheo
529 2172 692 2268 episcopo
710 2169 958 2242 Aberdonensr
983 2170 1153 2243 secundas
1179 2173 1334 2244 decimas
1358 2175 1402 2244 de
1421 2176 1586 2246 omnibus
1611 2178 1689 2246 red-

351 2289 485 2358 ditibus
510 2287 620 2357 firmis
646 2284 794 2357 escaetis
820 2283 890 2355 suis
915 2285 1007 2355 infra
1024 2286 1297 2356 vicecomitatus
1319 2287 1364 2356 de
1381 2286 1554 2357 Aberden
1580 2300 1617 2358 et
1644 2290 1688 2359 de

352 2400 463 2472 Bnnff
481 2400 547 2470 tibi
573 2400 730 2492 precipio
756 2397 850 2489 quod
873 2397 1037 2467 dedistis
1059 2397 1206 2467 decimis
1230 2398 1324 2470 disto
1350 2399 1495 2469 domino
1514 2397 1688 2493 Episcopo

351 2523 388 2583 et
413 2512 483 2583 suis
508 2507 759 2583 successoribus
783 2508 986 2601 responderi
1013 2509 1121 2579 sacias
1146 2547 1154 2564 ·
1181 2507 1319 2579 Datum
1345 2510 1439 2602 apud
1466 2509 1687 2605 Edynburgh

350 2648 444 2695 anno
461 2626 561 2718 regni
579 2619 689 2693 nostri
706 2622 846 2692 decimo
865 2662 872 2677 ·

351 2960 460 3031 Carta
476 2962 569 3053 regis
588 2957 765 3028 Willelmi
784 2957 828 3027 de
845 2958 1049 3048 quietancia
1066 2957 1188 3027 comiti
1208 2955 1325 3026 David
1344 2953 1529 3031 concessa.

352 3162 573 3255 Willclmus
591 3183 660 3253 Dei
686 3184 801 3277 gratia
826 3204 890 3251 rex
912 3179 1121 3250 Scottorum
1147 3181 1313 3250 omnibus
1340 3181 1459 3274 probis
1485 3183 1688 3255 hominibus

350 3299 461 3367 totius
479 3306 574 3367 terre
590 3292 651 3365 sue
669 3292 806 3364 clericis
823 3304 861 3363 et
878 3292 977 3364 laicis
994 3289 1144 3362 salutem
1159 3331 1167 3346 ·
1181 3292 1305 3364 Sciant
1323 3290 1503 3385 presentes
1520 3304 1558 3365 et
1575 3296 1686 3366 futuri

350 3432 408 3479 me
434 3403 633 3479 concessrsse
658 3416 696 3477 et
722 3406 789 3476 hac
816 3413 915 3476 carta
941 3426 1023 3474 mea
1047 3400 1266 3476 confirmasse
1293 3406 1416 3475 comiti
1439 3404 1560 3476 Dauid
1586 3408 1685 3479 fratri

349 3542 430 3591 meo
464 3521 704 3612 quietanciam
743 3519 962 3588 decimarum
996 3526 1035 3586 et
1069 3513 1366 3587 consuetudinum
1405 3519 1564 3587 omnium
1599 3542 1689 3611 quas

350 3628 497 3704 ecclesia
529 3629 647 3703 sance
679 3630 796 3700 Marie
826 3639 864 3698 et
893 3626 1047 3721 episcopi
1078 3628 1123 3698 de
1154 3627 1326 3698 Aberdon
1362 3628 1492 3698 habere
1525 3627 1686 3702 solebant

350 3754 511 3838 tempore
540 3744 633 3835 regis
661 3739 780 3810 Dauid
811 3741 869 3809 aui
899 3742 970 3811 mei
998 3751 1036 3810 et
1066 3741 1159 3833 regis
1186 3738 1372 3809 Malcolmi
1397 3739 1516 3811 fratris
1546 3744 1617 3812 mei
1647 3754 1686 3813 et

350 3870 511 3950 tempore
536 3877 618 3923 meo
635 3854 672 3922 in
690 3850 887 3943 Garwyach
905 3853 998 3921 etin
1016 3850 1187 3921 Dumnch
1208 3861 1245 3919 et
1269 3852 1306 3919 in
1324 3846 1489 3922 Rothkes
1513 3863 1551 3923 et
1574 3852 1686 3924 Mun-

350 3970 468 4062 kegyn
487 3977 524 4037 et
539 3964 719 4057 Fyntrach
736 3974 774 4033 et
791 3961 961 4057 Bourdyn
979 3985 1086 4054 quam
1103 3960 1238 4033 scilicet
1255 3963 1493 4052 quietanciam
1512 3961 1686 4038 Matheus

350 4078 533 4171 episcopus
556 4078 589 4146 ei
615 4076 701 4146 fecit
718 4076 763 4145 de
779 4070 816 4144 se
833 4082 871 4143 et
888 4073 933 4144 de
949 4071 1200 4145 successoribus
1225 4069 1295 4142 suis
1320 4075 1358 4143 in
1383 4084 1597 4168 perpetuum
1620 4102 1685 4170 pro

349 4189 474 4259 dnabis
499 4189 673 4260 carucatis
698 4196 793 4257 terre
818 4181 1029 4256 mensuratis
1052 4187 1090 4255 in
1108 4182 1349 4255 Kelalcmund
1374 4188 1684 4280 propinquioribus

350 4313 444 4371 terre
469 4298 530 4371 sue
555 4299 626 4370 illis
650 4299 768 4369 vicine
787 4296 933 4380 -Quare
959 4295 1040 4366 volo
1066 4307 1104 4368 et
1128 4297 1286 4389 precipio
1311 4308 1353 4368 ut
1377 4300 1537 4392 prefatus
1565 4325 1684 4374 comes

350 4412 469 4484 Dauid
487 4412 597 4483 frater
619 4433 720 4482 meus
738 4419 776 4480 et
792 4408 941 4480 heredes
957 4405 1011 4478 sui
1031 4407 1186 4479 habeant
1213 4407 1305 4481 hanc
1329 4412 1504 4503 prefatam
1521 4415 1684 4504 quietan-

349 4528 440 4596 ciam
475 4526 692 4596 decimarum
726 4531 764 4592 et
798 4518 1095 4592 consuetudinum
1130 4520 1175 4591 de
1210 4523 1314 4593 terris
1347 4526 1604 4616 prenominatis
1638 4529 1683 4598 de

1006 4652 1028 4701 Β
