4088 5430
344 610 416 682 194
859 601 1163 677 REGISTRUM
1528 601 1688 696 [sucum

348 799 495 875 ecclesie
512 805 557 874 de
574 803 746 875 Aberdon
765 804 888 875 decem
905 799 1035 872 solidos
1052 798 1304 896 sterlingorum
1321 799 1449 874 vsualis
1472 812 1619 874 monete
1636 803 1680 874 ad

349 911 480 986 festum
497 911 740 1009 assumptionis
756 917 863 987 beate
877 914 995 985 Marie
1009 913 1170 1008 Virginis
1187 937 1251 1007 pro
1264 910 1503 986 anniuersario
1517 916 1603 984 dici
1620 915 1682 984 do-

349 1028 438 1098 mini
450 1027 474 1097 J
477 1029 625 1098 ohannis
639 1027 799 1120 quolibet
812 1051 906 1099 anno
923 1028 961 1096 in
979 1029 1319 1097 commemoratione
1332 1027 1452 1098 obitus
1465 1023 1518 1097 sui
1531 1024 1682 1119 solemp-

350 1139 445 1209 niter
462 1138 675 1211 celebrando
692 1149 730 1210 et
747 1141 792 1210 ad
809 1140 877 1210 hoo
890 1138 1094 1209 faciendum
1111 1139 1149 1207 in
1166 1135 1228 1209 sua
1245 1134 1484 1211 installatione
1502 1139 1682 1233 obligetur

349 1259 387 1320 et
404 1251 449 1322 ad
465 1247 671 1322 soluendam
696 1252 853 1344 preditis
877 1250 1029 1342 pecunie
1045 1246 1221 1320 summam
1245 1273 1310 1342 per
1327 1252 1502 1322 decanum
1520 1251 1578 1322 vel
1603 1253 1681 1321 eius

349 1362 468 1434 locum
485 1373 672 1435 tenentem
689 1372 727 1434 et
744 1361 942 1454 capitulum
968 1361 1230 1454 compellatur·
1249 1361 1294 1432 In
1320 1365 1420 1434 cuius
1445 1366 1497 1434 rei
1522 1359 1682 1434 testimo·

350 1478 450 1547 nium
468 1471 622 1570 sigillum
647 1472 807 1546 nostrum
827 1476 1053 1546 autenticum
1071 1497 1141 1544 vno
1159 1498 1240 1546 cum
1258 1470 1372 1568 srgillo
1390 1478 1570 1547 communi
1588 1478 1682 1569 capi-

350 1588 419 1659 tuli
452 1585 562 1659 nostri
592 1584 644 1659 est
673 1584 867 1681 appensum
896 1625 904 1643 ·
932 1585 1070 1658 Datum
1103 1588 1198 1679 apud
1233 1590 1418 1659 canoniam
1451 1585 1608 1658 nostram
1637 1589 1682 1659 de

352 1701 523 1773 Aberdon
554 1696 722 1795 vigesimo
755 1701 814 1770 die
842 1694 972 1770 menfis
1001 1696 1158 1793 Augusti
1192 1722 1285 1769 anno
1314 1698 1461 1770 Domini
1494 1696 1681 1770 millofimo

350 1809 600 1886 trecentesrmo
632 1807 890 1906 septuagefimo
923 1808 1025 1881 sexto
1054 1848 1062 1865 ·
1088 1810 1133 1881 In
1166 1812 1273 1881 huius
1305 1809 1531 1904 inspeitionis
1563 1811 1682 1885 nostre

350 1923 595 1998 testimonium
620 1926 684 1996 has
708 1924 830 1995 literas
847 1925 885 1993 in
902 1923 1053 1992 formam
1079 1919 1307 1995 instrumenti
1332 1925 1466 2016 publici
1491 1949 1555 2019 per
1581 1936 1684 1998 nota-

350 2040 443 2111 rium
468 2035 728 2131 infrascriptum
754 2036 913 2107 reda&as
939 2030 1133 2129 srgillorum
1158 2033 1358 2106 nostrorum
1376 2039 1526 2108 fecimus
1551 2061 1683 2132 appen-

350 2150 447 2224 sione
463 2152 595 2221 muniri
612 2151 764 2220 fasturas
781 2148 933 2218 eandem
947 2146 1055 2216 fidem
1073 2148 1110 2216 in
1128 2148 1260 2218 iudicio
1274 2158 1311 2218 et
1326 2159 1430 2220 extra
1446 2160 1484 2219 et
1501 2150 1682 2222 habituras

350 2266 500 2338 eandem
524 2264 598 2331 vim
621 2264 780 2354 vigorem
806 2269 844 2330 et
870 2258 1036 2329 effestnm
1062 2281 1150 2351 quas
1175 2267 1213 2328 et
1237 2283 1343 2351 quem
1371 2262 1551 2355 originalis
1578 2261 1684 2334 litera

349 2377 476 2449 habuit
501 2374 558 2446 vel
588 2374 719 2444 habere
748 2367 860 2464 pollet
888 2367 915 2440 fi
945 2368 1064 2443 fuisset
1094 2380 1131 2442 et
1158 2367 1245 2443 essct
1274 2375 1414 2466 integre
1444 2373 1682 2447 conseruata·

351 2488 488 2561 Datum
512 2489 550 2558 in
577 2487 682 2555 domo
708 2482 827 2554 nostra
852 2483 1040 2575 capitulari
1067 2479 1214 2554 ecclesre
1232 2482 1499 2556 Aberdonensrs
1516 2488 1574 2557 die
1597 2488 1684 2559 lune

350 2596 428 2694 post
446 2595 542 2691 quasr
562 2598 669 2667 modo
685 2597 799 2690 geniti
818 2618 911 2665 anno
930 2594 1078 2666 Domini
1103 2591 1289 2666 millefimo
1307 2595 1557 2670 trecentesimo
1574 2623 1706 2672 nona,

349 2709 482 2808 gesrmo
498 2709 653 2782 secundo
670 2705 865 2779 induitione
879 2709 1158 2800 quintadecima
1174 2710 1403 2801 pontificatus
1420 2711 1555 2781 domini
1573 2709 1682 2784 nostri

350 2826 485 2897 domini
510 2821 709 2895 Clementis
737 2820 859 2891 diuina
888 2821 1116 2913 prouidentia
1145 2844 1237 2913 pape
1262 2820 1401 2914 septimi
1432 2847 1527 2893 anno
1557 2836 1684 2917 quarto

350 2938 488 3009 decimo
502 2977 510 2992 ·
524 2930 747 3027 presentibus
765 2928 925 3002 discretis
943 2933 1028 3001 viris
1046 2933 1199 3002 dominis
1215 2932 1240 3002 J
1242 2935 1383 3004 ohanne
1400 2934 1445 3004 de
1463 2934 1682 3029 Sprouston·

350 3048 539 3120 Willelmo
554 3041 650 3116 Rufe
664 3045 848 3115 -Johanne
862 3042 943 3114 Bell
957 3081 965 3097 ·
978 3043 1129 3114 Valtero
1148 3044 1328 3115 Moderok
1342 3045 1384 3115 ,J
1386 3047 1527 3119 ohanne
1545 3049 1681 3143 goule·

349 3161 498 3233 Andrea
522 3159 567 3229 de
589 3157 724 3227 Fores·
742 3155 932 3227 Willelmo
958 3155 1047 3226 Scot
1063 3192 1072 3209 ·
1089 3165 1127 3227 et
1152 3155 1291 3229 'I'homa
1315 3156 1463 3230 Hnntar
1490 3161 1683 3254 capellanis

350 3269 498 3347 ecclesrc
515 3264 781 3342 Aberdonenfis
798 3266 949 3340 testibus
966 3270 1011 3340 ad
1028 3263 1191 3361 premissa
1207 3266 1407 3362 specialiter
1423 3273 1621 3344 inuocatis·

449 3497 499 3568 Et
529 3494 607 3589 Ego
636 3492 791 3563 Thomas
821 3493 865 3563 de
894 3492 1177 3586 Tynnynghame
1211 3492 1360 3564 clericus
1393 3492 1502 3566 sensti
1535 3495 1683 3571 Andree

448 3603 595 3680 diocefis
624 3605 789 3699 publicus
818 3604 994 3698 imperiali
1024 3607 1217 3676 autoritate
1247 3608 1407 3677 notarius
1435 3609 1522 3679 dum
1550 3609 1617 3682 beo
1643 3622 1683 3682 vt

449 3720 672 3814 premittitur
694 3726 884 3811 agerentur
900 3726 939 3787 et
955 3718 1083 3787 fierent
1101 3740 1171 3789 vna
1195 3741 1277 3789 cum
1302 3721 1560 3811 prenominatis
1585 3720 1684 3794 testi·

448 3834 516 3903 bns
539 3828 683 3925 presens
708 3831 856 3901 interfui
882 3852 995 3921 eaque
1012 3824 1060 3900 fic
1077 3830 1153 3900 fieri
1171 3830 1244 3900 vidi
1262 3839 1300 3901 et
1320 3832 1442 3901 audiui
1467 3855 1576 3904 mann
1602 3857 1684 3907 mea

448 3945 590 4037 propria
613 3937 730 4034 scripsr
749 3950 786 4012 et
808 3943 846 4011 in
867 3942 960 4013 hano
985 3940 1166 4033 publicam
1192 3942 1342 4013 formam
1368 3944 1488 4037 redegi
1514 3940 1683 4039 signoque

448 4079 529 4126 meo
555 4052 659 4125 solito
687 4063 725 4125 et
750 4051 1006 4147 subscriptione
1033 4050 1169 4148 srgnaui
1198 4062 1342 4146 rogatus
1367 4064 1405 4126 et
1431 4052 1619 4147 reqnisrtus
1644 4061 1681 4130 in

448 4162 692 4240 testimoninm
709 4167 871 4238 veritatis
888 4167 1048 4236 omnium
1064 4162 1307 4258 premissorum
1325 4206 1333 4221 ·

349 4395 399 4467 Et
416 4393 494 4487 Ego
512 4389 721 4461 Willelmns
738 4390 784 4461 de
801 4389 924 4483 Spyny
941 4389 1097 4461 decanus
1114 4385 1380 4460 Aberdoncnsrs
1396 4387 1574 4463 subscribo
1592 4434 1600 4449 ·

349 4507 399 4580 Et
416 4504 494 4600 Ego
512 4501 693 4573 Robertus
710 4500 793 4572 Boil
809 4510 935 4573 cantor
951 4499 1177 4574 consentiens
1193 4498 1370 4574 subscribo
1388 4543 1396 4561 ·
