4088 5430
344 641 416 708 208·
856 627 1159 703 REGISTRUM
1523 631 1675 726 [sucum

346 833 469 905 comiti
494 830 638 903 balliuis
658 839 697 903 et
719 830 884 901 omnibus
908 828 986 921 alijs
1010 825 1180 899 ministris
1205 825 1332 899 nostris
1357 829 1450 899 dide
1479 829 1678 924 regalitatis

345 940 464 1015 nostre
481 944 526 1014 de
544 942 769 1015 Garuiaucht
795 942 856 1033 qui
880 963 944 1035 pro
969 949 1131 1034 tempore
1148 939 1283 1011 fuerint
1308 941 1511 1012 inhibemus
1527 942 1680 1012 firmiter

347 1064 385 1126 et
402 1049 558 1149 expresse
583 1077 647 1148 per
671 1051 853 1148 presentes
875 1074 922 1122 nc
946 1053 985 1122 in
1002 1053 1105 1122 dictis
1130 1054 1235 1124 terris
1260 1061 1298 1122 et
1320 1050 1567 1145 superioritato
1595 1075 1678 1126 cum

348 1167 578 1260 pertinenoijs
605 1166 650 1235 de
675 1175 795 1236 cetero
820 1160 857 1234 sc
881 1161 1084 1255 aliqualiter
1113 1164 1359 1234 intromittant
1386 1203 1394 1221 ·
1420 1162 1465 1234 In
1495 1167 1597 1235 cuius
1626 1165 1678 1235 rei

349 1275 592 1350 testimonium
626 1273 780 1371 sigillum
817 1270 978 1345 nostrum
1014 1272 1237 1369 presentibus
1270 1271 1323 1346 est
1356 1272 1550 1368 appensum
1583 1276 1678 1369 apud

350 1390 563 1484 Kyndromy
580 1390 718 1460 decimo
743 1388 870 1458 odauo
896 1387 954 1457 die
979 1382 1108 1457 mensrs
1134 1385 1259 1478 Martij
1278 1409 1372 1457 auno
1391 1385 1538 1458 Domini
1563 1387 1682 1477 milles

351 1498 437 1572 srmo
455 1497 803 1595 quadringentesimo
819 1496 974 1570 secundo
991 1537 999 1553 ·

353 1837 461 1910 Carta
471 1837 671 1908 donationis
682 1834 832 1907 Roberti
843 1837 937 1930 regis
947 1835 1061 1907 crucis
1071 1844 1241 1929 argentee
1252 1843 1289 1905 et
1300 1836 1450 1906 duorum
1461 1857 1681 1928 pannorum·

353 2038 549 2134 Robertus
567 2058 637 2130 Dei
661 2061 778 2154 gratia
794 2082 858 2129 rex
877 2057 1084 2130 Scottorum
1102 2058 1266 2129 omnibus
1284 2059 1328 2130 ad
1345 2081 1496 2150 quorum
1513 2059 1680 2130 notitiam

353 2170 533 2269 presentes
555 2171 659 2241 litere
684 2171 914 2264 peruenerint
930 2168 1083 2241 salutem
1101 2209 1109 2226 ·
1129 2168 1258 2241 Sciatis
1276 2171 1370 2261 quod
1387 2165 1617 2241 conoeffimus
1642 2180 1681 2241 et

354 2287 516 2358 dedimus
533 2283 730 2354 reuereudo
747 2283 785 2352 in
803 2277 942 2352 Christo
959 2283 1052 2375 patri
1070 2280 1235 2353 Gilbertc
1252 2278 1415 2376 episcopo
1432 2278 1680 2353 Aberdonenss

353 2397 564 2470 cancellario
590 2391 709 2465 nostro
727 2417 833 2465 vnam
851 2416 993 2464 crucem
1011 2402 1217 2487 argenteam
1233 2394 1271 2464 in
1288 2416 1359 2484 qua
1375 2394 1579 2465 continetur
1595 2416 1683 2485 que-

354 2512 435 2582 dam
460 2530 541 2602 pars
566 2507 651 2601 ligni
680 2507 794 2577 crucis
819 2504 916 2576 beati
940 2503 1086 2575 Andros
1109 2500 1256 2598 apostoli
1274 2541 1282 2559 ·
1300 2505 1389 2575 duos
1410 2527 1547 2599 pannos
1569 2527 1681 2575 vnum

353 2621 521 2692 videlicet
546 2619 689 2690 laneum
707 2619 752 2688 de
769 2615 880 2687 Artas
903 2617 948 2687 de
973 2613 1116 2687 historia
1140 2615 1330 2687 oblationis
1353 2617 1462 2687 trium
1487 2639 1611 2711 regum
1635 2617 1681 2687 dc

354 2733 504 2804 Colonia
516 2732 560 2802 ad
577 2731 720 2801 beatam
731 2728 920 2822 Virginem
937 2737 976 2799 et
992 2728 1102 2800 alium
1119 2727 1253 2798 lineum
1271 2750 1430 2821 pannum
1446 2730 1580 2822 pistum
1597 2751 1681 2801 cum

354 2840 473 2937 bestijs
498 2852 536 2913 et
559 2840 789 2913 volatilibus·
807 2848 845 2910 et
862 2863 972 2910 vnum
997 2862 1167 2935 magnum
1190 2840 1414 2932 portiforium
1440 2862 1510 2931 que
1534 2841 1681 2912 fuerunt

354 2957 532 3049 quondam
551 2953 685 3023 domini
703 2949 859 3022 Walteri
877 2951 994 3021 vltimi
1019 2949 1172 3045 episcopi
1197 2947 1305 3022 sandi
1323 2949 1470 3022 Andreo
1487 2960 1612 3043 etque
1634 2952 1680 3023 ad

354 3091 419 3138 nos
444 3067 628 3160 pertinent
653 3065 730 3133 iure
746 3064 844 3156 regio
869 3085 933 3156 per
955 3074 1108 3133 mortem
1132 3062 1215 3132 dici
1232 3063 1412 3153 quondam
1430 3060 1594 3156 Episcopi
1611 3085 1682 3134 vna

355 3202 437 3251 oum
463 3177 560 3248 omni
586 3177 662 3246 iure
680 3182 718 3245 et
735 3174 873 3246 clameo
890 3196 960 3266 que
976 3196 1041 3244 nos
1057 3174 1230 3245 habemus
1247 3173 1304 3244 vel
1330 3173 1460 3245 habere
1484 3175 1683 3268 poterimus

355 3292 393 3360 in
410 3287 564 3360 eisdem·
580 3285 717 3358 Datum
734 3282 800 3356 sub
817 3281 931 3378 sigillo
949 3282 1066 3356 nostro
1079 3283 1214 3355 secreto
1228 3294 1354 3376 quarto
1371 3287 1429 3357 die
1446 3281 1575 3357 mensis
1589 3285 1680 3378 Maij

355 3402 449 3495 apud
475 3394 654 3472 Eliotston
679 3420 773 3469 anno
798 3393 986 3468 millesimo
1009 3393 1354 3491 quadringentesimo
1380 3399 1487 3469 tortio
1512 3408 1551 3469 et
1579 3401 1681 3494 regni

355 3509 464 3584 nostri
481 3532 575 3584 anno
593 3518 719 3601 quarto
737 3509 874 3580 decimo
891 3545 900 3563 ·

359 3849 572 3940 Preceptum
604 3845 754 3917 Roberti
786 3845 885 3916 ducis
910 3842 1067 3915 Albanis
1096 3846 1237 3916 comitis
1267 3845 1312 3916 ds
1339 3844 1424 3938 Fyff
1444 3847 1489 3917 de
1517 3843 1680 3918 secundis

357 3961 503 4031 decimis
521 3960 636 4030 werde
654 3958 800 4029 baronis
817 3957 862 4026 de
879 3955 1107 4049 Kynedward
1124 3995 1132 4011 ·

357 4161 552 4257 Robertus
578 4183 652 4253 dux
671 4181 828 4254 Albanie
855 4203 976 4253 comes
999 4182 1044 4252 de
1062 4180 1134 4274 Fys
1157 4187 1195 4251 ct
1219 4180 1264 4251 de
1287 4179 1459 4251 Menteth
1481 4202 1523 4251 ac
1545 4179 1681 4251 locum·

356 4307 484 4368 tenens
507 4295 641 4366 domini
667 4290 775 4364 nostri
799 4293 909 4387 Regis
935 4293 1027 4363 infra
1052 4315 1202 4387 regnum
1227 4291 1441 4387 generaliter
1465 4288 1680 4364 constitutus

355 4408 484 4480 dileco
501 4405 601 4476 fratri
626 4401 745 4476 nostro
762 4403 971 4477 Alexandro
988 4404 1033 4475 de
1049 4404 1152 4476 Keth
1176 4403 1310 4476 bolliuo
1331 4401 1449 4474 nostro
1475 4403 1618 4475 baronio
1635 4405 1681 4475 de

354 4516 583 4614 Kynedwsrd
611 4513 762 4587 salutem
792 4556 800 4572 ·
831 4516 1042 4626 mandamus
1068 4518 1167 4589 vobis
1197 4526 1234 4588 ct
1266 4518 1481 4610 precipimus
1504 4526 1679 4608 quatenus
