4088 5430
405 607 475 674 aas
922 597 1227 670 nacisnauii
1590 600 1746 696 [securi

406 801 533 894 viginti
552 796 681 869 solidos
698 836 706 853 ·
724 835 732 852 ·
751 837 759 854 ·
777 797 821 868 ad
840 794 969 868 festum
993 792 1237 891 assumptionis
1255 798 1360 869 beate
1380 797 1499 870 Mario
1516 800 1663 894 virginis
1680 823 1747 894 pro

406 909 644 984 anniuersario
675 911 758 980 dicii
788 911 967 1000 quondam
997 910 1131 979 domini
1151 909 1329 980 Willelmi
1357 951 1365 968 ·
1390 949 1399 967 ·
1423 951 1432 969 ·
1458 921 1496 982 et
1523 907 1548 982 si
1574 908 1749 983 successor

408 1021 565 1094 eiusdem
583 1021 756 1094 sumniam
779 1023 975 1117 predictam
993 1063 1001 1079 ·
1021 1063 1029 1079 ·
1048 1060 1056 1076 ·
1073 1020 1211 1093 soluere
1228 1019 1408 1094 recusaret
1430 1025 1589 1117 predicta
1611 1021 1748 1096 mansio

409 1177 417 1193 ·
445 1177 453 1194 ·
481 1177 489 1192 ·
517 1136 561 1207 ad
587 1134 698 1207 alium
716 1136 927 1206 canonicum
944 1130 1164 1205 mansionem
1188 1158 1261 1205 non
1288 1136 1482 1207 habentem
1501 1133 1667 1208 transiret
1684 1140 1748 1230 qui

407 1247 581 1319 suminam
607 1249 759 1341 pecunie
776 1254 1004 1340 prenotatam
1020 1270 1085 1340 pro
1104 1246 1219 1317 officio
1243 1244 1403 1341 superius
1420 1257 1592 1319 annotato
1610 1246 1748 1320 soluere.

410 1369 552 1432 curaret
574 1397 583 1414 ·
606 1396 614 1414 ·
638 1397 646 1414 ·
668 1358 717 1428 Et
738 1354 786 1430 sic
812 1397 820 1413 ·
847 1398 855 1415 ·
881 1396 889 1412 ·
914 1356 1010 1429 dicta
1032 1353 1168 1429 manlio
1185 1359 1419 1451 prebendario
1438 1359 1483 1430 de
1501 1359 1748 1453 Inuernochty

411 1513 419 1530 ·
448 1512 457 1530 ·
484 1513 491 1528 ·
518 1471 627 1542 fuerit
645 1471 777 1541 donata
802 1508 810 1525 ·
835 1508 844 1524 ·
871 1510 878 1525 ·
905 1467 969 1539 sub
986 1469 1093 1540 modo
1111 1479 1149 1539 et
1167 1470 1373 1541 conditione
1391 1469 1497 1564 supra
1512 1474 1747 1542 memoratis·

412 1583 492 1656 Nos
509 1622 517 1639 ·
534 1622 542 1638 ·
559 1622 568 1640 ·
586 1578 849 1654 considerantes
862 1582 956 1673 quod
974 1576 1108 1652 mansio
1121 1579 1323 1652 huiusmodi
1340 1620 1349 1637 ·
1366 1621 1374 1637 ·
1393 1620 1402 1636 ·
1420 1583 1585 1655 edificata
1598 1582 1748 1655 ecclesie

411 1693 530 1767 nostre
543 1691 790 1765 Aberdoneusi
808 1696 860 1765 ita
877 1695 1047 1788 contigua
1064 1733 1072 1750 ·
1093 1732 1102 1749 ·
1121 1733 1129 1750 ·
1148 1693 1286 1785 prefate
1304 1691 1452 1766 ecclesie
1469 1732 1477 1750 ·
1495 1732 1503 1749 ·
1521 1735 1530 1752 ·
1548 1691 1660 1789 posset
1677 1693 1748 1767 else

410 1807 567 1878 multum
593 1802 786 1900 dampnosa
803 1847 811 1862 ·
831 1846 838 1863 ·
859 1846 866 1861 ·
885 1816 1021 1877 certam
1048 1805 1314 1898 porciunculam
1341 1816 1434 1878 terre
1455 1830 1528 1877 non
1545 1808 1747 1879 edificatam

412 1919 645 2014 prebendario
664 1919 708 1989 de
726 1918 951 2011 Inuernothy
968 1928 1056 1989 tunc
1082 1914 1251 1989 existenti
1270 1959 1277 1974 ·
1298 1958 1306 1974 ·
1324 1957 1333 1974 ·
1350 1920 1395 1991 ad
1413 1915 1689 1992 construendum
1709 1933 1749 1992 et

412 2032 649 2104 edificandum
674 2032 724 2102 ibi
752 2031 875 2101 domos
901 2052 964 2123 pro
981 2027 1016 2100 se
1034 2038 1071 2100 et
1089 2027 1160 2100 suis
1184 2026 1436 2103 successoribus
1453 2072 1462 2090 ·
1481 2073 1490 2091 ·
1509 2073 1517 2090 ·
1536 2033 1749 2105 donauimus

412 2154 451 2216 et
479 2140 732 2239 affiguauimus
766 2138 984 2214 mansionem
1015 2141 1229 2234 prelibatam
1258 2166 1323 2236 per
1352 2144 1532 2235 quondam
1562 2146 1749 2216 dominum

413 2255 643 2328 Willelmum
663 2255 808 2327 Calabir
825 2293 833 2308 ·
850 2293 859 2310 ·
877 2295 885 2311 ·
904 2251 1142 2325 constrnttam
1161 2294 1169 2310 ·
1189 2294 1197 2310 ·
1215 2292 1222 2309 ·
1241 2251 1389 2326 ecclesie
1406 2252 1525 2326 nostre
1544 2296 1551 2313 ·
1571 2297 1579 2313 ·
1599 2297 1607 2313 ·
1627 2267 1664 2327 et
1683 2297 1691 2314 ·
1711 2298 1718 2313 ·
1739 2299 1749 2314 ·

412 2371 449 2440 in
476 2365 640 2439 nostros·
661 2408 669 2423 ·
690 2407 697 2422 ·
717 2367 817 2436 vsum
843 2376 882 2437 et
908 2367 1136 2437 commodum
1163 2367 1399 2438 reduximus·
1418 2409 1426 2425 ·
1446 2409 1454 2425 ·
1474 2366 1632 2462 onusque
1657 2369 1750 2441 solu·

412 2482 521 2552 tionis
538 2517 547 2534 ·
564 2517 573 2535 ·
590 2517 598 2535 ·
615 2479 788 2572 proditio
806 2474 1045 2549 anniuersario
1062 2481 1248 2550 annuatim
1266 2480 1479 2551 celebrando
1496 2515 1507 2538 ο
1523 2518 1531 2536 ·
1548 2519 1556 2537 ·
1574 2484 1611 2552 iii
1629 2505 1694 2553 iios
1711 2494 1751 2553 et

413 2590 549 2664 nostros
565 2587 775 2662 successores
800 2599 1030 2683 acceptantes
1049 2631 1057 2647 ·
1076 2630 1083 2646 ·
1105 2629 1112 2646 ·
1131 2599 1169 2661 et
1194 2602 1341 2685 propter
1365 2593 1433 2663 hoc
1450 2631 1487 2652 ··
1510 2634 1518 2649 ·
1538 2594 1750 2666 donauimus

413 2747 421 2763 ·
441 2747 449 2763 ·
469 2745 478 2762 ·
497 2706 608 2775 dicos
625 2704 752 2797 viginti
779 2700 907 2772 solidos
932 2704 1118 2773 annuatim
1143 2703 1315 2774 leuandos
1338 2703 1382 2774 de
1406 2707 1511 2776 terris
1528 2743 1536 2760 ·
1553 2743 1562 2761 ·
1579 2743 1588 2760 ·
1605 2707 1650 2776 de
1672 2706 1751 2778 Ne-

413 2817 601 2888 thirmanis
625 2816 669 2886 de
687 2814 882 2885 Aberdone
901 2854 909 2870 ·
928 2855 936 2871 ·
956 2851 965 2869 ·
983 2813 1133 2908 Insuper
1157 2817 1194 2884 iii
1218 2812 1299 2886 casu
1326 2838 1397 2907 quo
1420 2818 1581 2910 contigat
1608 2840 1673 2888 nos
1691 2820 1750 2889 vel

413 2925 624 3001 successores
653 2923 791 2996 nostros
820 2928 857 2996 iu
887 2924 1066 2998 solutione
1094 2927 1268 2997 didorum
1296 2927 1424 3020 viginti
1450 2924 1643 2998 solidorum
1670 2969 1677 2986 ·
1706 2970 1748 2987 ··

413 3041 564 3113 deficere
595 3078 603 3094 ·
630 3077 639 3094 ·
670 3079 677 3094 ·
710 3040 939 3109 concedimus
969 3075 978 3093 ·
1008 3076 1016 3094 ·
1046 3079 1054 3095 ·
1084 3039 1179 3130 quod
1209 3037 1317 3109 liceat
1343 3038 1497 3108 dominis
1521 3041 1565 3110 de
1591 3042 1749 3134 capitulo

414 3161 625 3223 ···terras
652 3148 869 3244 supradictas
895 3146 1104 3243 distringere
1131 3188 1138 3205 ·
1163 3188 1172 3205 ·
1199 3190 1207 3206 ·
1234 3148 1345 3243 Apud
1375 3153 1559 3223 canoniam
1592 3149 1748 3225 nostram

413 3261 708 3338 Aberdonensem
727 3259 893 3333 vicesimo
911 3262 968 3332 dic
986 3257 1116 3332 mensis
1129 3260 1267 3356 Aprilis
1283 3285 1377 3333 aniio
1396 3261 1544 3334 Domini
1562 3260 1750 3336 millesimo

412 3372 762 3471 quadringentesimo
781 3369 958 3445 tricesimo
975 3396 1071 3443 nono
1089 3411 1097 3428 ·

413 3713 472 3784 De
489 3713 524 3784 le
541 3734 669 3784 comon
686 3710 743 3805 ayl
761 3712 851 3781 hous
870 3751 877 3766 ·

417 3913 616 4011 Heuricus
632 3973 641 3989 ·
659 3973 666 3989 ·
685 3975 693 3991 ·
713 3931 897 4027 episcopus
921 3929 1190 4004 Aberdonensis
1209 3975 1216 3989 ·
1237 3974 1244 3989 ·
1264 3973 1271 3990 ·
1290 3933 1385 4018 Quia
1407 3931 1626 4007 mansionem
1651 3959 1751 4034 mag·

412 4072 495 4122 nam
530 4070 612 4118 cum
647 4048 776 4118 ceteris
807 4047 973 4117 domibus
1007 4046 1123 4117 eidem
1153 4047 1303 4116 annexis
1337 4069 1409 4116 non
1438 4042 1513 4117 fine
1543 4051 1681 4143 magnis
1709 4062 1750 4122 et

412 4155 625 4254 sumptuosis
659 4154 821 4251 expensis
852 4158 1098 4229 edificauimus
1129 4197 1137 4214 ·
1166 4194 1174 4212 ·
1200 4196 1209 4212 ·
1239 4158 1284 4229 ad
1313 4158 1422 4228 finem
1456 4160 1526 4229 orti
1559 4157 1750 4233 mansionis

411 4271 617 4362 thesauraii‘j
636 4265 783 4341 ecclesie
800 4265 918 4340 nostre
937 4309 945 4326 ·
970 4309 979 4326 ·
1004 4311 1012 4327 ·
1036 4272 1132 4341 inter
1148 4270 1257 4341 finem
1274 4270 1358 4340 dieii
1376 4272 1445 4340 orti
1462 4294 1573 4365 prope
1591 4269 1748 4344 austrum

412 4394 451 4456 et
467 4385 561 4454 viam
580 4403 808 4452 communem
826 4382 870 4451 ad
890 4382 1055 4452 decorem
1073 4385 1223 4453 canonic
1242 4422 1250 4438 ·
1270 4422 1277 4437 ·
1297 4422 1305 4438 ·
1325 4390 1363 4452 et
1381 4395 1527 4475 propter
1542 4385 1611 4455 hoc
1629 4385 1751 4457 volen-

412 4508 468 4569 tes
481 4495 637 4587 aliquam
651 4493 853 4563 mercedem
868 4491 1035 4586 consequi
1050 4516 1112 4586 pro
1126 4491 1240 4565 salute
1254 4495 1374 4566 anime
1387 4490 1506 4565 nostre
1520 4492 1752 4569 conceffimus
