4088 5430
415 634 485 704 146
931 626 1236 702 REGISTRUM
1603 628 1755 726 [secum

415 940 589 1013 Rationes
606 940 690 1010 date
708 941 912 1010 vicecomiti
929 963 994 1033 per
1009 939 1165 1011 eundem
1183 978 1191 996 ·

415 1164 537 1236 Primo
560 1165 692 1235 dicitur
716 1165 754 1234 in
777 1162 976 1234 rationibus
999 1171 1176 1256 quantum
1200 1163 1372 1236 recolitur
1387 1163 1483 1258 qnod
1508 1172 1582 1235 tres
1606 1162 1757 1259 persone

414 1279 549 1349 debent
576 1272 645 1348 esse
671 1278 709 1348 iu
738 1276 872 1347 iudicio
900 1272 1036 1348 scilicet
1066 1276 1176 1347 iudex
1204 1278 1302 1347 attor
1328 1286 1367 1347 et
1393 1298 1476 1347 reus
1506 1273 1560 1348 set
1589 1277 1756 1347 dominus

413 1387 599 1483 episcopus
615 1389 686 1460 fuit
702 1388 813 1458 iudex
830 1389 868 1457 in
885 1389 1028 1481 propria
1045 1383 1150 1458 causa
1166 1396 1205 1458 et
1222 1409 1303 1482 pare
1320 1389 1431 1459 etiam
1453 1389 1566 1482 igitur
1582 1388 1756 1459 iudicium

414 1501 556 1573 nullum
574 1540 582 1556 ·
600 1503 690 1573 item
715 1497 870 1571 secundo
895 1499 1101 1592 prolocutor
1126 1496 1209 1569 suus
1227 1500 1288 1591 qui
1314 1500 1384 1570 fuit
1402 1495 1499 1592 quasi
1525 1500 1653 1571 eadem
1676 1522 1758 1593 per·

414 1612 500 1685 sona
525 1637 608 1686 cum
634 1613 753 1684 iudice
779 1611 917 1683 uullam
943 1611 1170 1683 admittendo
1196 1612 1448 1704 exceptionem
1473 1611 1673 1706 legitimam
1698 1610 1757 1682 vel

415 1726 575 1820 plegium
604 1727 691 1796 fecit
722 1725 797 1795 dari
828 1722 1045 1796 seutentiam
1074 1732 1199 1795 contra
1232 1718 1476 1816 possessionem
1505 1719 1581 1794 srue
1611 1723 1757 1794 decreto

414 1833 612 1908 assessorum
637 1838 735 1907 curie
758 1836 853 1927 quod
877 1837 922 1906 de
944 1836 1023 1906 iure
1045 1834 1123 1907 fieri
1147 1857 1221 1905 non
1247 1835 1374 1906 debuit
1397 1844 1439 1905 vt
1463 1831 1649 1907 asseritur·
1666 1837 1757 1907 item

415 1951 525 2021 tertio
550 1949 646 2042 quod
673 1949 760 2019 fecit
790 1941 1011 2041 possessorem
1041 1948 1145 2019 citari
1175 1956 1275 2018 certo
1301 1948 1459 2018 termino
1483 1948 1529 2018 ad
1554 1948 1757 2019 docendum

415 2060 594 2154 quomodo
619 2062 740 2132 tenuit
766 2069 804 2130 et
829 2059 958 2129 eodem
987 2059 1143 2130 termino
1170 2054 1246 2129 fine
1271 2057 1443 2129 vlteriore
1467 2059 1640 2130 dilutione
1669 2059 1758 2132 licet

414 2170 530 2266 sepius
555 2173 749 2265 petebatur
764 2171 853 2243 fecit
871 2170 947 2240 dari
972 2167 1190 2241 sententiam
1216 2170 1341 2241 ordine
1366 2171 1453 2241 iuris
1470 2193 1543 2241 uon
1560 2168 1701 2243 seruato
1719 2180 1758 2243 et

414 2287 513 2355 omui
541 2286 627 2354 iuris
653 2280 860 2355 desenfione
886 2280 1050 2376 legitima
1074 2283 1219 2375 penitus
1248 2279 1389 2375 repulsa
1412 2283 1524 2377 igitur
1548 2292 1607 2356 etc
1633 2323 1642 2342 ·
1667 2286 1757 2356 item

414 2397 547 2467 dicitur
563 2396 659 2488 quod
677 2396 778 2466 dedit
796 2393 1033 2488 quadraginta
1057 2394 1167 2466 libras
1184 2394 1320 2465 fabrice
1337 2391 1486 2466 ecclesie
1511 2397 1622 2491 igitur
1646 2395 1758 2468 alien·

413 2510 488 2580 atio
506 2509 668 2602 legitima
685 2508 769 2599 quia
785 2505 1008 2577 confirmatio
1031 2507 1125 2601 regis
1143 2502 1196 2577 est
1214 2502 1319 2600 super
1334 2507 1404 2578 hoc
1421 2503 1624 2601 specialiter
1639 2506 1757 2582 subse-

414 2631 500 2692 cuta
517 2660 526 2676 ·
544 2621 590 2690 de
607 2618 686 2691 aliie
703 2642 776 2689 nou
794 2617 989 2689 recolitur·

415 2844 551 2915 Contra
577 2841 808 2912 Willelmnm
834 2843 880 2913 de
907 2841 1059 2913 Camere
1085 2843 1279 2936 opponitur
1302 2837 1351 2914 fic
1376 2845 1472 2935 quod
1501 2868 1585 2917 cum
1614 2844 1687 2940 ipse
1712 2842 1758 2919 fit

415 2953 564 3026 vassalus
590 2948 738 3025 ecclesie
755 2948 1022 3025 Aberdoneufis
1046 2976 1119 3023 non
1146 2953 1255 3025 debet
1281 2963 1407 3026 coutra
1431 2954 1617 3029 ecclesiam
1633 2960 1755 3031 necin

413 3067 547 3161 placito
576 3089 644 3137 uec
673 3065 711 3134 iu
744 3059 890 3137 consilio
921 3062 1013 3136 stare
1037 3101 1045 3120 ·
1068 3088 1189 3158 ymmo
1218 3063 1330 3159 ipsam
1360 3051 1560 3139 eeclefiam'
1575 3071 1757 3143 dominam

414 3178 513 3251 suam
531 3187 657 3250 contra
673 3176 789 3248 filium
806 3186 844 3248 et
861 3187 1001 3270 patrem
1018 3185 1165 3249 tenetur
1181 3179 1307 3250 iuuare
1320 3189 1360 3250 vt
1377 3180 1415 3249 in
1431 3177 1538 3252 Libro
1540 3181 1732 3276 feudorum
1748 3221 1757 3238 ·

413 3293 463 3362 tit.
489 3289 563 3362 Hic
577 3289 706 3384 fluitur
728 3287 783 3360 lac
807 3297 838 3360 et
863 3289 1031 3385 inczpiunt
1054 3286 1170 3386 Repai
1186 3289 1437 3386 consuetudines
1454 3332 1462 3349 ·
1481 3288 1499 3391 l
1510 3292 1611 3388 fiand.
1637 3305 1675 3367 et
1700 3294 1757 3368 De

413 3428 503 3477 amau
513 3403 640 3498 formu
653 3399 830 3496 fidelitatis
855 3425 927 3496 cup.
944 3402 1039 3473 unico
1057 3438 1065 3458 ·
1083 3423 1166 3471 cum
1184 3424 1270 3495 ergo
1296 3401 1370 3496 ipse
1388 3404 1515 3476 fecerit
1540 3404 1754 3480 fidelitatem

414 3513 562 3588 ecclesie
593 3508 842 3586 Aberdonenfi
872 3515 1009 3606 petitur
1038 3513 1133 3605 quod
1164 3536 1237 3583 non
1263 3515 1478 3588 admittatur
1503 3527 1629 3590 contra
1653 3517 1756 3591 suum

412 3631 656 3699 iuramentum
673 3623 727 3697 set
744 3622 858 3716 ipsum
876 3649 898 3696 u
913 3626 1046 3696 iudicio
1059 3623 1244 3717 repellatis
1262 3648 1308 3696 ne
1325 3622 1433 3719 ipfius
1449 3631 1645 3722 periurium
1658 3633 1756 3703 vide-

413 3741 523 3811 amini
548 3738 746 3831 approbare
763 3775 771 3791 ·
789 3746 828 3807 et
845 3737 940 3828 qnod
967 3737 1036 3808 hoo
1053 3736 1171 3807 facere
1187 3739 1364 3809 tenemini
1389 3739 1562 3834 probatur
1576 3766 1642 3837 per
1659 3742 1700 3817 Ο.
1718 3745 1753 3839 ᾔ.

414 3850 469 3922 De
485 3848 703 3922 iuruurcudo
719 3887 728 3904 ·
745 3846 852 3920 Libro
853 3847 959 3944 serto
975 3884 983 3904 ·
1001 3858 1039 3920 et
1060 3847 1242 3919 offerimus
1259 3873 1325 3922 nos
1342 3851 1459 3923 facere
1475 3854 1576 3926 vobis
1593 3853 1754 3928 constare

413 3963 593 4058 legittime
606 3963 652 4032 de
666 3959 867 4032 huiusmodi
885 3963 1088 4033 iuramento
1105 3960 1292 4032 fidelitatis
1309 3960 1458 4056 prestito
1476 3963 1624 4039 ecclesie
1637 3967 1755 4040 Aber-

413 4070 559 4146 douenfi
577 4097 641 4166 per
657 4071 772 4166 ipsum
798 4111 806 4128 ·
833 4081 873 4146 et
890 4073 936 4145 ad
961 4074 1029 4145 hoc
1055 4072 1279 4167 probandum
1296 4077 1454 4168 petimus
1471 4099 1537 4149 noe
1553 4078 1697 4152 admitti
1715 4092 1755 4153 et

413 4209 496 4258 cum
510 4181 618 4255 simus
631 4184 700 4255 loci
713 4186 911 4257 ordinarius
921 4207 1109 4257 monemus
1120 4206 1183 4257 voe
1194 4187 1443 4258 vicecomitem
1457 4188 1752 4265 Aberdonenscm

411 4301 526 4394 primo
543 4294 698 4366 secundo
715 4306 754 4366 et
771 4298 880 4368 tertio
897 4307 936 4369 et
952 4295 1017 4368 sub
1041 4320 1135 4391 pena
1159 4301 1541 4373 excommunicationis
1567 4305 1662 4394 quod
1685 4305 1753 4378 hoc

411 4414 467 4482 ius
484 4409 697 4480 canonicum
715 4404 911 4478 obseruetis
928 4445 937 4464 ·

411 4524 508 4595 Item
538 4542 602 4615 pro
632 4526 735 4611 parte
765 4518 900 4589 domiui
931 4516 1086 4614 episcopi
1115 4517 1382 4593 Aberdonenfis
1416 4526 1629 4619 proponitur
1657 4532 1753 4622 quod
