4058 5430
463 624 533 689 402
964 606 1285 681 'REGISTRUM
1642 612 1807 706 [sucunr

464 819 591 887 domus
608 815 703 907 quod
726 813 890 884 continet
906 811 944 881 in
962 809 1187 903 longitudine
1212 810 1363 903 triginta
1377 806 1439 880 sex
1465 811 1574 904 pedes
1592 825 1630 882 et
1647 813 1809 905 triginta

465 929 554 997 duos
573 925 681 1019 pedes
697 927 735 995 in
753 923 947 996 latitudine
964 919 1065 992 illam
1076 929 1222 1012 >partem
1240 915 1287 991 fic
1304 921 1536 994 diuidendum
1552 923 1809 996 ordinauimus

465 1039 561 1130 quod
577 1035 713 1109 scilicet
731 1039 767 1106 in
785 1043 888 1129 parte
901 1031 1037 1104 boreali
1051 1027 1210 1102 eiusdem
1228 1026 1272 1100 sit
1289 1032 1442 1123 quedam
1457 1034 1584 1104 domus
1595 1035 1808 1105 communis

466 1173 529 1243 pro
542 1149 709 1221 omnibus
726 1146 941 1241 pauperibus
958 1147 997 1214 in
1014 1167 1085 1236 qua
1101 1153 1273 1237 poterunt
1290 1143 1421 1215 habere
1434 1165 1664 1216 communem
1677 1144 1808 1238 ignem

399 1241 405 1253 ⁸
467 1272 506 1332 et
531 1260 603 1332 alia
625 1255 817 1332 necessaria
833 1259 1023 1330 continens
1041 1257 1079 1327 in
1097 1255 1290 1326 latitudine
1306 1252 1487 1325 sexdecim
1504 1256 1614 1348 pedes
1631 1267 1670 1326 et
1687 1254 1811 1347 longi-

467 1374 595 1443 tudine
605 1373 755 1467 triginta
765 1367 826 1441 sex
839 1370 950 1463 pedes
963 1379 1002 1439 et
1013 1391 1059 1439 ex
1073 1364 1220 1439 aduerso
1231 1368 1267 1437 in
1278 1377 1381 1460 parte
1394 1363 1538 1439 australi
1552 1364 1660 1460 ipfius
1673 1368 1809 1437 domus

468 1486 537 1555 erit
566 1485 761 1554 oratorium
786 1481 965 1574 quoddam
994 1481 1088 1551 bene
1113 1480 1307 1550 formatum
1337 1488 1440 1550 tante
1467 1481 1679 1571 quantitatis
1711 1474 1809 1550 ficut

468 1593 543 1689 ipsa
559 1596 687 1666 domus
703 1595 904 1666 communis
921 1614 1004 1664 cum
1023 1591 1127 1662 altari
1145 1630 1154 1648 ·
1174 1588 1343 1662 Preterea
1359 1590 1524 1663 volumus
1542 1602 1579 1663 et
1596 1592 1809 1663 ordinamus

468 1706 572 1800 supra
589 1706 735 1777 domum
753 1725 984 1777 communem
1002 1724 1194 1773 commune
1210 1701 1337 1773 sblium
1363 1701 1440 1773 sieri
1457 1705 1576 1775 adres
1593 1724 1809 1774 communes
1901 1744 1906 1751 ι

469 1829 509 1888 vt
525 1818 654 1890 focalia
666 1817 835 1889 naualia
847 1813 1004 1908 aliasque
1019 1810 1230 1885 necessarias
1243 1810 1317 1884 vsui
1334 1836 1531 1907 pauperum
1544 1812 1810 1886 conseruandae

469 1945 507 2003 et
524 1930 629 2024 supra
644 1932 839 2002 oratorium
853 1927 995 2000 nullum
1008 1925 1136 1997 solium
1151 1926 1227 1997 sieri
1242 1923 1407 1996 volumus
1422 1923 1483 1996 sed
1497 1927 1632 1997 cesum
1644 1924 1807 1996 eiusdem

470 2040 618 2114 honeste
637 2065 801 2135 reparare
819 2052 858 2113 st
875 2041 1061 2133 cooperire
1088 2037 1310 2109 intendimus
1328 2079 1336 2094 ·
1354 2039 1496 2130 eritque
1519 2037 1720 2133 campanile
1738 2037 1809 2131 lig-

469 2158 633 2226 usumin
651 2156 804 2246 quadam
822 2167 925 2248 parte
950 2153 1078 2223 domus
1094 2152 1132 2219 in
1149 2172 1220 2241 quo
1237 2152 1307 2221 erit
1330 2173 1505 2243 campana
1526 2152 1679 2222 formata
1695 2150 1808 2220 domo

469 2266 653 2361 hospitalis
670 2289 753 2337 cnm
779 2267 933 2337 oratorio
957 2262 1141 2334 communi
1168 2262 1273 2332 domo
1299 2261 1439 2333 cellulis
1459 2261 1647 2354 campanili
1666 2272 1707 2332 vt
1725 2286 1809 2356 pre-

470 2379 630 2450 mittitur
642 2417 650 2434 ·
663 2378 873 2448 diresiorem
885 2387 922 2447 et
933 2372 1220 2446 consumatorem
1234 2370 1392 2444 eiusdem
1405 2372 1631 2466 capellanum
1642 2371 1806 2446 nostrum

470 2492 507 2560 in
519 2488 635 2560 insula
647 2485 791 2560 australi
805 2483 953 2560 ecclsiis
963 2483 1084 2558 nostre
1095 2507 1159 2577 per
1171 2508 1236 2556 nos
1248 2487 1391 2556 nouiter
1402 2483 1603 2558 construda
1613 2487 1808 2560 fundatum

471 2613 510 2673 et
534 2596 745 2672 successores
772 2597 851 2671 suos
876 2599 1092 2692 presacimus
1118 2606 1156 2668 et
1181 2599 1421 2690 deputamus·
1447 2596 1590 2670 Deinde
1615 2599 1808 2674 duodecim

471 2734 647 2807 pauperes
672 2735 736 2806 per
752 2735 817 2782 nos
834 2710 1018 2806 eligendos
1044 2711 1081 2780 in
1105 2707 1177 2801 ipso
1202 2706 1366 2801 hospitali
1387 2712 1523 2804 imponi
1541 2711 1705 2782 volumus
1731 2753 1739 2769 ·
1759 2715 1807 2784 ad

470 2847 622 2917 quorum
646 2821 942 2896 sustentationem
970 2824 1016 2893 (16
1041 2816 1262 2891 illustrissimi
1286 2823 1457 2914 principis
1478 2834 1516 2893 et
1533 2824 1667 2895 domini
1694 2822 1807 2896 nostri

470 2938 606 3008 domini
622 2934 647 3006 J
648 2936 749 3006 aeobi
768 2937 885 3027 quinti
900 2934 970 3004 Dei
984 2935 1100 3027 gratia
1113 2932 1303 3004 Scotorum
1317 2937 1411 3028 regis
1423 2934 1593 3006 consensu
1607 2947 1644 3006 et
1657 2935 1807 3010 licentia

470 3048 644 3119 noueritis
675 3070 740 3117 nos
769 3043 901 3118 dedisse
930 3041 1133 3117 eoncesllsse
1159 3041 1341 3139 assignasse
1366 3055 1403 3115 et
1430 3047 1496 3118 hac
1524 3045 1678 3139 presenti
1704 3064 1807 3122 carta

470 3157 590 3230 nostru
606 3153 825 3230 confirmasse
838 3182 906 3229 nec
924 3180 996 3227 non
1015 3158 1099 3228 dare
1113 3159 1308 3229 concedere
1322 3154 1493 3250 nsfignare
1510 3169 1549 3230 et
1567 3161 1631 3231 hac
1649 3161 1806 3251 presenti

470 3283 570 3342 carta
587 3268 707 3341 nostre
719 3269 928 3341 confirmare
941 3270 1181 3361 omnipotenti
1197 3268 1277 3339 Deo
1288 3271 1380 3361 patri
1393 3270 1467 3339 filio
1481 3283 1518 3340 et
1532 3270 1669 3364 spiritui
1683 3271 1806 3343 sanbto

471 3377 668 3454 beatissime
686 3383 813 3474 virgini
833 3380 953 3451 Marie
976 3384 1082 3450 matri
1100 3383 1235 3451 domini
1264 3376 1371 3450 nostri
1389 3381 1475 3453 Jesu
1493 3381 1623 3453 Christi
1642 3387 1807 3478 redemp-

469 3498 558 3566 toris
582 3492 692 3566 nostri
710 3518 751 3564 ac
770 3494 958 3564 duodecim
986 3494 1201 3586 pauperibus
1219 3495 1256 3562 in
1274 3494 1368 3564 dicto
1394 3493 1559 3587 hospitali
1585 3493 1702 3566 nostro
1720 3496 1807 3568 resr-

471 3608 638 3679 dentibus
666 3617 703 3676 et
732 3628 855 3675 eorum
883 3599 1136 3674 successoribus
1164 3607 1200 3674 in
1229 3606 1354 3675 eodem
1386 3603 1552 3698 hospitali
1577 3610 1807 3700 imponendis

471 3720 545 3791 illic
562 3717 736 3790 mansuris
755 3717 834 3787 illas
847 3727 993 3787 centum
1011 3715 1119 3786 libras
1133 3714 1261 3788 vsualis
1279 3728 1424 3788 monete
1441 3722 1540 3812 regni
1556 3720 1678 3790 Scotie
1692 3728 1805 3793 annui

470 3832 632 3902 redditus
658 3831 702 3899 de
728 3829 838 3898 sirmis
856 3839 893 3898 et
911 3829 1109 3898 redditibus
1137 3830 1237 3923 burgi
1257 3831 1302 3899 de
1319 3830 1529 3902 Abbirdene
1555 3857 1617 3925 pro
1635 3837 1739 3904 terris
1767 3850 1807 3907 et
1912 3897 1918 3908 .

350 3973 352 3976 ·
469 3942 570 4034 aquis
586 3963 829 4033 aquarumque
847 3938 1099 4032 piscationibus
1117 3941 1262 4010 domino
1280 3939 1398 4012 nostro
1416 3943 1506 4037 Regi
1522 3945 1651 4015 debitis
1669 3969 1807 4021 annue·

468 4055 534 4122 tim
553 4053 724 4123 leuandss
741 4063 779 4122 et
797 4053 1043 4144 percipiendas
1061 4075 1148 4143 quas
1165 4078 1185 4122 a
1202 4052 1225 4122 J
1228 4054 1368 4123 chenne
1392 4055 1536 4125 domino
1555 4053 1682 4127 Erslrin
1700 4058 1806 4130 here-

469 4164 596 4234 ditarie
613 4160 797 4254 conquesti
816 4160 935 4233 sumus
949 4165 1044 4233 inter
1060 4165 1172 4234 distes
1186 4188 1359 4257 pauperes
1377 4178 1416 4235 vt
1433 4165 1593 4257 sequitur
1605 4192 1669 4260 per
1685 4170 1803 4262 ipsum

468 4271 650 4365 hospitalis
676 4275 885 4344 direstorem
904 4283 943 4344 et
967 4271 1252 4347 conseruatorem
1281 4278 1491 4350 diuidendas
1508 4290 1546 4349 61
1565 4279 1803 4372 disponendas

467 4385 635 4456 videlicet
653 4388 844 4477 inicuique
859 4389 1005 4478 pauperi
1019 4388 1145 4458 decem
1160 4412 1296 4459 marcas
1309 4391 1352 4459 ad
1368 4403 1522 4481 quatuor
1534 4393 1618 4461 anni
1636 4404 1803 4486 tempora

466 4521 529 4590 pro
546 4493 609 4568 suo
627 4499 720 4567 visu
739 4509 776 4567 et
795 4496 925 4567 vestitu
954 4499 1121 4570 videlicet
1147 4502 1183 4569 in
1215 4502 1318 4570 initio
1348 4504 1439 4570 veris
1468 4497 1589 4573 estatis
1606 4510 1800 4598 autumpni
