4088 5430
298 643 382 739 xa]
766 643 1167 718 nunnoounusu.

297 953 484 1052 Obligaoio
503 955 660 1028 Walteri
678 957 723 1027 de
743 953 944 1026 Dessrfurdc
961 955 1066 1048 super
1084 956 1211 1027 eodem
1229 995 1236 1011 ·

296 1158 364 1254 Be
382 1183 412 1251 it
431 1180 548 1250 kende
566 1179 609 1249 til
627 1178 661 1249 al
679 1200 762 1247 men
780 1214 788 1231 ·
806 1214 815 1230 ·
832 1215 841 1231 ·
859 1199 917 1248 me
937 1176 1069 1249 Valter
1093 1179 1136 1247 of
1155 1175 1357 1249 Delkfurde
1377 1179 1514 1273 knycht
1532 1190 1570 1252 to
1588 1182 1633 1252 be

295 1290 423 1386 oblysu
441 1330 449 1347 ·
466 1330 474 1346 ·
493 1329 501 1346 ·
519 1290 562 1361 til
589 1313 657 1360 one
674 1288 896 1360 venerabille
922 1312 1006 1360 man
1031 1288 1163 1361 master
1178 1289 1202 1360 J
1205 1292 1323 1362 ohnne
1340 1293 1382 1362 of
1395 1291 1478 1364 Clat
1496 1332 1504 1348 ·
1522 1332 1530 1348 ·
1547 1332 1555 1348 ·
1572 1304 1634 1384 pat

294 1417 338 1495 pe
371 1406 479 1477 letter
506 1404 547 1473 of
572 1404 783 1473 reuercioun
814 1402 910 1472 maid
942 1402 1076 1472 betwix
1107 1425 1167 1472 me
1191 1403 1285 1474 ande
1310 1414 1354 1494 pe
1378 1400 1473 1476 saide
1503 1402 1635 1477 master
1680 1434 1695 1473 r

294 1517 440 1586 Johnne
458 1537 573 1608 apone
590 1524 634 1604 pe
651 1512 785 1585 annuel
810 1513 851 1582 of
871 1513 932 1584 l'ex
950 1513 1085 1585 merkis
1107 1515 1149 1584 of
1169 1536 1230 1606 my
1247 1514 1363 1586 landis
1381 1516 1421 1585 of
1434 1515 1632 1610 Achlewyn

295 1669 302 1685 ·
319 1669 326 1684 ·
343 1669 351 1685 ·
367 1629 479 1720 qnlrat
497 1638 598 1719 tyme
617 1628 645 1695 it
662 1649 722 1695 ma
737 1625 783 1695 be
799 1633 952 1719 gottyne
970 1627 1063 1696 ande
1076 1626 1213 1718 fundyn
1232 1625 1250 1696 Ι
1268 1649 1377 1719 myne
1394 1630 1486 1719 ayris
1503 1653 1634 1700 execu-

296 1743 409 1811 touris
425 1741 518 1811 ande
544 1733 712 1832 afllgneff
726 1733 775 1807 sul
793 1736 933 1807 deliuer
948 1747 992 1827 pe
1009 1736 1105 1808 saide
1131 1736 1231 1807 lettir
1249 1740 1289 1809 of
1301 1740 1510 1810 reuercioun
1529 1740 1571 1810 til
1589 1751 1633 1830 pe

294 1851 390 1925 saide
415 1848 546 1923 master
562 1850 586 1921 J
588 1851 708 1920 ohnne
732 1849 787 1918 hia
805 1851 896 1942 cyris
918 1851 1124 1921 executuris
1150 1850 1242 1919 ande
1268 1844 1435 1944 affignell
1444 1888 1453 1906 ·
1469 1889 1478 1906 ·
1495 1889 1503 1906 ·
1521 1854 1633 1923 under

296 1977 339 2055 pe
367 1988 460 2059 payn
487 1964 528 2033 of
550 1986 617 2034 ane
644 1962 786 2032 huuder
812 1961 939 2052 pondis
965 2001 973 2018 ·
1001 2001 1009 2018 ·
1036 1998 1045 2016 ·
1071 1959 1125 2030 At
1151 1960 1324 2032 Aberden
1349 1971 1393 2051 Ρθ
1419 1960 1485 2033 last
1511 1965 1579 2056 day
1596 1967 1638 2035 of

295 2078 433 2149 Januer
456 2087 500 2167 pe
525 2076 613 2167 gher
636 2074 678 2143 of
698 2097 765 2143 our
788 2071 907 2142 Lorde
932 2096 1000 2144 aue
1025 2069 1201 2144 thousand
1228 2074 1308 2144 four
1332 2074 1513 2145 lrundreth
1539 2077 1633 2170 fyfty

295 2191 375 2260 four
391 2189 513 2281 gheris
530 2225 538 2242 ·

296 2524 483 2618 Obligacio
509 2523 685 2594 Johannis
711 2520 844 2615 Ogilvy
870 2522 915 2592 de
944 2523 1170 2616 Luntrcthyn
1198 2533 1236 2593 et
1255 2522 1410 2595 Walteri
1438 2523 1570 2619 Ogilvy
1588 2526 1633 2597 de

297 2634 498 2708 Delkfurde
515 2635 619 2729 super
637 2634 763 2705 eodem
782 2670 790 2686 ·

294 2832 327 2935 J
332 2862 490 2932 ohannes
517 2858 671 2953 Oggilvy
698 2859 743 2929 de
771 2857 1000 2949 Luntrethyn
1028 2867 1065 2929 et
1084 2857 1258 2929 Valterus
1283 2857 1439 2954 Oggilvy
1456 2861 1501 2930 de
1520 2857 1632 2931 Delk-
1773 2830 1787 2859 ⁶

295 2976 398 3046 furde
414 2973 548 3043 milites
565 3009 572 3026 ·
591 3009 598 3025 ·
617 3009 625 3024 ·
644 2970 801 3041 Nouerit
814 2964 1026 3039 vniuerfitas
1043 2968 1159 3040 vestra
1176 2972 1270 3061 quod
1289 2994 1370 3042 cum
1389 2995 1454 3065 ego
1473 2973 1632 3064 prefatus

297 3087 469 3158 Valterus
486 3082 619 3177 Ogilvy
636 3084 827 3174 quemdam
853 3103 1013 3152 annuum
1039 3081 1220 3152 redditum
1238 3079 1300 3152 sex
1324 3105 1522 3155 marcarum
1549 3125 1557 3140 ·
1585 3124 1594 3141 ·
1621 3126 1629 3140 ·

295 3200 340 3270 dc
363 3198 468 3268 terris
494 3197 584 3266 meis
610 3195 655 3264 de
673 3193 892 3286 Auchleuyn
916 3230 925 3247 ·
951 3231 960 3248 ·
985 3192 1232 3263 ·vendiderim
1259 3234 1267 3251 ·
1295 3234 1303 3251 ·
1332 3193 1521 3266 ·Johonni
1545 3196 1630 3268 Clat

295 3312 467 3382 canonico
485 3303 734 3378 Aberdoncnfi
752 3346 760 3362 ·
780 3347 787 3362 ·
810 3346 818 3362 ·
839 3306 899 3376 Ne
917 3345 925 3362 ·
945 3345 953 3361 ·
973 3346 980 3361 ·
1000 3305 1138 3398 prefato
1165 3302 1331 3399 magistro
1347 3304 1505 3377 Johanni
1530 3308 1631 3379 here·

295 3422 399 3493 dibus
417 3431 455 3491 et
472 3416 653 3513 ailrgnatis
671 3414 741 3488 suis
758 3419 796 3488 in
813 3416 964 3510 preditti
982 3418 1092 3488 annui
1117 3418 1279 3488 redditus
1305 3421 1535 3512 perceptione
1553 3445 1632 3513 pre-

295 3535 466 3604 iudicium
491 3529 553 3600 seu
579 3530 879 3623 impedimentum
904 3539 1121 3621 generetur·
1147 3570 1155 3585 ·
1179 3570 1187 3584 ·
1206 3529 1405 3623 obligamus
1430 3554 1495 3601 nos
1511 3569 1520 3586 ·
1538 3570 1545 3586 ·
1563 3570 1572 3587 ·
1589 3556 1631 3603 ac

294 3648 415 3715 omnia
444 3654 481 3713 et
507 3639 646 3736 singula
671 3651 882 3711 tenemento
911 3649 1024 3711 terrae
1050 3651 1089 3712 et
1118 3637 1341 3734 poffeffiones
1371 3643 1481 3713 etiam
1511 3647 1631 3717 omnia

294 3758 389 3828 bona
416 3752 535 3826 nostru
560 3752 707 3825 mobilia
733 3763 771 3822 et
800 3752 998 3825 immobilia
1020 3795 1029 3810 ·
1054 3794 1062 3810 ·
1088 3753 1161 3824 ·ad
1185 3753 1332 3824 realiter
1357 3752 1630 3846 persoluendum

295 3877 441 3939 centum
468 3866 576 3937 librae
593 3904 602 3921 ·
622 3904 630 3920 ·
650 3904 659 3922 ·
676 3865 714 3934 in
740 3860 889 3935 ecclesia
913 3865 1109 3936 cathedrali
1127 3862 1374 3935 Aberdonenfi
1392 3867 1437 3938 ad
1457 3867 1629 3941 fabricam

294 3977 452 4050 eiusdem
479 3975 651 4047 leuandus
668 4014 677 4032 ·
697 4015 706 4031 ·
724 4015 733 4032 ·
753 3974 907 4046 Necnon
925 3976 970 4047 ad
989 3976 1147 4047 dandum
1165 4012 1174 4029 ·
1191 4013 1200 4029 ·
1216 4013 1225 4030 ·
1243 3989 1281 4046 et
1305 3976 1561 4051 infeodandum
1583 3982 1629 4052 de

293 4115 390 4161 nono
414 4087 441 4160 fi
465 4110 554 4181 opus
580 4087 690 4157 fuerit
716 4087 852 4157 diuum
878 4109 1039 4157 annuum
1064 4087 1245 4157 redditum
1262 4124 1270 4141 ·
1288 4124 1296 4141 ·
1313 4125 1322 4142 ·
1339 4090 1442 4160 iuxta
1466 4100 1628 4164 tenorem

293 4205 408 4296 prime
433 4200 686 4271 infeudationio
703 4234 712 4252 ·
729 4235 738 4252 ·
756 4235 764 4252 ·
782 4198 893 4292 Apud
911 4197 1085 4271 Aberden
1103 4198 1229 4268 vltimo
1247 4198 1305 4269 die
1322 4197 1451 4272 mensis
1467 4202 1628 4298 Januarij

295 4337 389 4386 anno
407 4312 555 4384 Domini
574 4330 808 4382 mccccmv·
