4088 5430
344 621 417 694 194
859 609 1166 686 REGISTRUM
1531 610 1692 707 [sucum

346 836 419 885 non
444 813 578 906 poterit
602 813 789 885 annuatim
812 809 937 884 ·Volo
959 849 968 868 ·
989 849 998 868 ·
1016 849 1025 867 ·
1044 810 1140 902 quod
1165 810 1264 883 idem
1288 832 1430 882 aunum
1454 808 1620 880 redditus
1647 808 1696 880 de

346 926 457 996 firmis
473 927 633 995 omnium
650 924 799 996 aliarum
819 933 995 995 terrarum
1015 944 1178 994 mearum
1196 922 1242 994 de
1258 921 1444 1016 Ardgaich
1460 960 1470 981 ·
1488 960 1497 978 ·
1516 960 1526 979 ·
1544 920 1697 993 leuetur

347 1079 356 1095 ·
376 1077 385 1094 ·
403 1077 412 1093 ·
428 1036 524 1108 Volo
542 1039 653 1108 etiam
669 1074 678 1090 ·
695 1071 703 1091 ·
721 1076 730 1092 ·
748 1035 844 1127 quod
862 1043 1036 1128 perpetuo
1053 1034 1239 1127 capellano
1256 1032 1418 1129 predicto
1435 1071 1444 1089 ·
1460 1070 1470 1089 ·
1486 1070 1495 1089 ·
1511 1034 1558 1105 ad
1576 1032 1697 1126 quod·

348 1171 489 1241 cunque
506 1147 603 1219 aliud
629 1146 844 1219 beneficium
865 1141 1142 1218 ecclesiasticum
1167 1155 1333 1239 promoto
1360 1146 1468 1217 liceat
1492 1145 1605 1217 michi
1624 1182 1635 1204 ·
1655 1182 1695 1204 ··

348 1262 461 1332 alium
490 1259 716 1353 capellanum
744 1260 925 1352 ydoneum
954 1258 1001 1330 ad
1027 1258 1180 1330 eandem
1211 1259 1447 1352 capellaniam
1475 1266 1697 1353 perpetuam

349 1371 552 1468 presentare
569 1407 578 1424 ·
594 1385 633 1442 01
658 1365 842 1462 simper
866 1371 938 1440 mei
961 1368 1019 1441 101
1045 1369 1220 1442 heredum
1246 1393 1409 1442 meorum
1431 1369 1697 1464 necligentiam

349 1486 440 1557 alius
461 1483 667 1577 capellanus
686 1481 846 1576 ydoneus
862 1481 956 1552 infra
971 1482 1177 1574 proximum
1194 1479 1355 1554 mensem
1372 1493 1461 1554 tunc
1477 1479 1697 1574 sequentem

349 1621 423 1669 non
440 1598 547 1669 fuerit
564 1594 812 1691 presentatus·
827 1592 925 1664 Volo
943 1633 951 1651 ·
971 1632 980 1650 ·
999 1631 1008 1649 ·
1026 1593 1122 1685 quod
1140 1632 1148 1650 ·
1167 1631 1177 1652 ·
1195 1633 1204 1651 ·
1223 1591 1409 1687 episcopus
1425 1630 1434 1649 ·
1451 1631 1461 1652 ·
1476 1630 1486 1651 ·
1502 1590 1698 1687 disponere

350 1710 469 1782 valeat
486 1708 531 1780 de
548 1706 746 1801 capellania
760 1744 769 1763 ·
783 1745 791 1762 ·
807 1744 816 1762 ·
830 1704 941 1797 Apud
955 1742 964 1760 ·
977 1742 985 1760 ·
998 1741 1008 1759 ·
1020 1704 1194 1777 Aberden
1211 1707 1299 1799 xxvj
1311 1705 1336 1778 J
1338 1706 1414 1800 unij
1432 1728 1526 1777 anno
1540 1704 1697 1777 Domini

350 1813 826 1894 u.cccc.xxxv1·Testibns
844 1855 853 1873 ·
871 1853 880 1872 ·
897 1853 906 1871 ·
924 1814 1085 1887 Henrico
1104 1856 1113 1874 ·
1131 1858 1140 1874 ·
1160 1856 1169 1875 ·
1187 1816 1353 1912 episcopo
1366 1814 1609 1890 Abirdonensr
1625 1855 1635 1874 ·
1654 1859 1665 1876 ·
1687 1859 1696 1876 ·

350 1934 560 2007 Alexandro
577 1933 622 2003 de
640 1930 760 2023 Irwyn
775 1969 784 1987 ·
798 1939 837 2000 et
849 1927 1039 1999 Willelmo
1053 1928 1098 2000 de
1112 1928 1247 2002 Forbes
1263 1931 1375 2002 fratre
1391 1952 1474 2002 meo
1492 1931 1675 2003 militibus
1688 1971 1698 1989 ·

349 2046 516 2119 Johanne
533 2046 579 2116 de
596 2043 732 2114 Forbes
757 2042 867 2114 fratre
892 2062 974 2110 meo
992 2079 1002 2096 ·
1022 2039 1211 2112 Willelmo
1229 2041 1441 2136 Monypeny
1459 2079 1468 2100 ο
1486 2050 1524 2114 01
1542 2042 1699 2116 Andrea

351 2161 396 2231 de
414 2159 587 2230 Buchane
602 2154 779 2228 scutiferis
797 2195 806 2211 ·
826 2192 835 2211 ·
853 2190 861 2208 ·
880 2153 999 2237 Quam
1016 2153 1163 2244 quidem
1180 2163 1317 2226 cartam
1334 2177 1377 2226 ac
1395 2155 1628 2226 donationem
1656 2168 1700 2228 et

350 2265 607 2342 concessionem
631 2269 669 2338 in
691 2267 817 2338 eadem
843 2275 1033 2336 contentas
1050 2275 1091 2336 vt
1107 2266 1333 2358 premittitur
1349 2290 1413 2359 per
1430 2263 1590 2338 nostrum
1613 2289 1701 2361 pro-

350 2385 550 2478 genitorem
567 2382 606 2451 in
623 2377 685 2450 suo
711 2379 874 2449 exercitu
892 2377 937 2448 de
955 2375 1046 2449 00111
1073 2378 1306 2470 approbatam
1324 2389 1363 2450 et
1380 2380 1609 2450 mortizatam
1628 2419 1638 2437 ·
1658 2420 1668 2438 ·
1688 2420 1698 2436 ·

350 2495 603 2569 confirmemus
621 2532 631 2550 ·
649 2530 658 2548 ·
678 2531 686 2548 ·
706 2489 847 2562 Saluis·
864 2525 873 2543 ·
915 2489 1000 2560 dicti
1026 2490 1224 2582 capellani·
1242 2530 1251 2546 ·
1271 2487 1284 2547 ·'
1295 2492 1498 2562 orationum
1517 2487 1699 2588 suffragijs

352 2610 591 2680 denotarum·
614 2644 622 2660 ·
645 2644 653 2660 ·
673 2598 839 2673 Testibus
856 2639 865 2657 ·
884 2641 894 2658 ·
910 2638 920 2656 ·
936 2600 961 2670 J
963 2602 1074 2673 acobo
1096 2599 1260 2695 episcopo
1277 2599 1387 2673 101111
1405 2602 1553 2674 Andree
1578 2626 1700 2676 auun-

351 2721 433 2793 culo
450 2717 570 2791 101110
584 2711 758 2788 carissimo
776 2714 915 2784 dilectis
932 2711 1203 2806 consanguineis
1220 2710 1348 2784 nostris
1361 2751 1369 2769 ·
1383 2713 1533 2786 Andrea
1545 2715 1698 2788 domino

352 2831 543 2904 Auaudale
572 2826 784 2901 cancellario
814 2819 934 2895 nostro
960 2863 969 2881 ·
998 2824 1117 2895 Dauid
1148 2827 1281 2896 comite
1306 2825 1521 2898 Craufurdie
1546 2827 1698 2900 domino

354 2940 544 3037 Lyndillay
565 2981 573 2999 ·
596 2939 726 3011 Coliuo
750 2938 885 3009 comite
909 2937 956 3008 de
982 2935 1105 3030 Ergile
1129 2938 1276 3008 domino
1303 2937 1470 3010 Cambell
1492 2977 1501 2996 ·
1526 2938 1699 3012 Gilberto

354 3057 498 3126 domino
516 3052 698 3145 Kenuedy
712 3090 719 3107 ·
734 3049 902 3120 Johanne
919 3049 1065 3119 domino
1084 3047 1221 3121 Derule
1238 3089 1248 3106 ·
1265 3048 1434 3121 Johanne
1452 3049 1700 3142 Culquhoune

353 3169 400 3239 de
429 3168 556 3240 eodem
588 3163 707 3234 milite
736 3171 984 3253 compotorum
1014 3156 1214 3231 nostrornm
1249 3162 1448 3234 rotulatore
1478 3203 1487 3219 ·
1518 3161 1700 3259 magistris

355 3278 575 3351 Archibaldo
592 3277 637 3346 de
650 3274 834 3358 Quhitlaw
846 3272 1094 3344 archidiacono
1109 3270 1331 3344 Morauienss
1347 3272 1538 3347 secretario
1551 3273 1697 3349 nostro·

355 3400 394 3462 et
413 3390 532 3461 Dauid
549 3387 714 3478 Guthery
731 3385 776 3456 de
793 3383 1050 3478 Kyncaldrone
1073 3383 1291 3457 thesaurario
1312 3384 1433 3458 nostro
1451 3426 1460 3444 ·
1479 3387 1590 3483 Apud
1607 3391 1699 3462 ciui-

356 3510 471 3573 tatem
488 3497 744 3574 Santtiandree
760 3498 785 3590 ij
803 3494 969 3569 Octobris
987 3519 1080 3567 0110
1099 3496 1248 3569 Domini
1265 3518 1506 3571 M.cccc.nx1v
1524 3539 1532 3557 ·

359 3833 538 3906 Fundatio
555 3834 676 3906 obitus
692 3833 715 3904 J
718 3832 869 3904 ohannis
886 3831 1037 3904 Roberti
1054 3869 1062 3888 ·

358 4028 391 4131 J
395 4057 526 4128 acobus
542 4055 652 4127 Clerk
677 4052 861 4151 burgensis
886 4057 931 4127 de
948 4055 1120 4127 Aberden
1146 4067 1186 4128 et
1212 4055 1380 4132 Esabella
1404 4058 1529 4156 sponsa
1552 4062 1641 4138 sua·
1661 4104 1699 4124 ··

360 4168 517 4242 Nouerit
535 4163 744 4238 vniuerfitas
761 4208 771 4225 ·
788 4205 797 4223 ·
815 4204 824 4223 ·
841 4191 932 4240 nos·
953 4208 962 4223 ·
983 4205 991 4224 ·
1015 4191 1078 4261 pro
1099 4169 1346 4263 extinguendo
1373 4172 1457 4247 lites
1482 4188 1609 4250 contra
1633 4201 1702 4251 nos

359 4290 477 4352 motas
489 4288 528 4347 01
538 4278 730 4349 ventilatas
746 4301 811 4371 per
823 4279 1026 4372 capellanos
1040 4276 1189 4354 ecclesie
1203 4283 1419 4357 cathedralis
1430 4287 1702 4363 Aberdonensis

359 4432 368 4451 .
386 4431 395 4450 .
413 4432 422 4450 ·
440 4390 544 4482 super
568 4410 689 4458 annuo
714 4391 857 4461 redditu
876 4414 900 4461 x
918 4388 1109 4463 solidorum
1127 4430 1136 4448 ·
1152 4430 1161 4449 ·
1178 4431 1187 4450 ·
1207 4396 1259 4464 eis
1284 4400 1473 4471 aunuatim
1491 4411 1532 4473 vt
1556 4425 1621 4497 per
1638 4426 1701 4477 eos

359 4501 575 4580 afferebatur
591 4498 636 4570 de
653 4501 808 4591 quodam
833 4514 1045 4574 tenemento
1070 4503 1189 4577 nostro
1212 4508 1355 4582 iacente
1371 4511 1465 4585 infra
1480 4512 1636 4610 burgum
1653 4516 1701 4589 de
