<?xml version="1.0" encoding="UTF-8"?>
<!DOCTYPE html PUBLIC "-//W3C//DTD XHTML 1.0 Transitional//EN"
    "http://www.w3.org/TR/xhtml1/DTD/xhtml1-transitional.dtd">
<html xmlns="http://www.w3.org/1999/xhtml" xml:lang="en" lang="en">
 <head>
  <title>
</title>
<meta http-equiv="Content-Type" content="text/html;charset=utf-8" />
  <meta name='ocr-system' content='tesseract 3.04.00' />
  <meta name='ocr-capabilities' content='ocr_page ocr_carea ocr_par ocr_line ocrx_word'/>
</head>
<body>
  <div class='ocr_page' id='page_1' title='image "./registrumepisco01innegoog_0322.png"; bbox 0 0 4088 5430; ppageno 0'>
   <div class='ocr_carea' id='block_1_1' title="bbox 346 609 1689 707">
    <p class='ocr_par' dir='ltr' id='par_1_1' title="bbox 346 609 1689 707">
     <span class='ocr_line' id='line_1_1' title="bbox 346 609 1689 707; baseline -0.005 -15"><span class='ocrx_word' id='word_1_1' title='bbox 346 627 417 692; x_wconf 79' lang='grc'>181</span> <span class='ocrx_word' id='word_1_2' title='bbox 863 609 1168 684; x_wconf 84' lang='lat' dir='ltr'>REGISTRUM</span> <span class='ocrx_word' id='word_1_3' title='bbox 1535 611 1689 707; x_wconf 74' lang='lat' dir='ltr'>[secuti</span> 
     </span>
    </p>
   </div>
   <div class='ocr_carea' id='block_1_2' title="bbox 345 808 1691 1582">
    <p class='ocr_par' dir='ltr' id='par_1_2' title="bbox 345 808 1691 1582">
     <span class='ocr_line' id='line_1_2' title="bbox 345 808 1689 913; baseline -0.007 -22"><span class='ocrx_word' id='word_1_4' title='bbox 345 818 525 913; x_wconf 70' lang='lat' dir='ltr'>predistus</span> <span class='ocrx_word' id='word_1_5' title='bbox 543 816 661 887; x_wconf 91' lang='lat' dir='ltr'>Adam</span> <span class='ocrx_word' id='word_1_6' title='bbox 689 828 727 884; x_wconf 87' lang='lat' dir='ltr'>et</span> <span class='ocrx_word' id='word_1_7' title='bbox 753 808 962 884; x_wconf 84' lang='lat' dir='ltr'>successores</span> <span class='ocrx_word' id='word_1_8' title='bbox 988 809 1097 882; x_wconf 88' lang='lat' dir='ltr'>nostri</span> <span class='ocrx_word' id='word_1_9' title='bbox 1123 811 1274 902; x_wconf 58' lang='lat' dir='ltr'>predicti</span> <span class='ocrx_word' id='word_1_10' title='bbox 1299 811 1476 904; x_wconf 82' lang='lat' dir='ltr'>prefatam</span> <span class='ocrx_word' id='word_1_11' title='bbox 1504 812 1689 883; x_wconf 80' lang='lat' dir='ltr'><strong>baroniam</strong></span> 
     </span>
     <span class='ocr_line' id='line_1_3' title="bbox 346 921 1691 1018; baseline -0.005 -16"><span class='ocrx_word' id='word_1_12' title='bbox 346 933 391 1001; x_wconf 89' lang='lat' dir='ltr'>de</span> <span class='ocrx_word' id='word_1_13' title='bbox 410 929 580 1002; x_wconf 89' lang='lat' dir='ltr'>Murtliill</span> <span class='ocrx_word' id='word_1_14' title='bbox 597 950 679 999; x_wconf 89' lang='lat' dir='ltr'>euni</span> <span class='ocrx_word' id='word_1_15' title='bbox 697 926 928 1018; x_wconf 81' lang='lat' dir='ltr'>pertinenciis</span> <span class='ocrx_word' id='word_1_16' title='bbox 945 922 1106 1018; x_wconf 66' lang='lat' dir='ltr'>predisto</span> <span class='ocrx_word' id='word_1_17' title='bbox 1121 921 1311 994; x_wconf 90' lang='lat' dir='ltr'>Willelmo</span> <span class='ocrx_word' id='word_1_18' title='bbox 1330 925 1375 994; x_wconf 87' lang='lat' dir='ltr'>de</span> <span class='ocrx_word' id='word_1_19' title='bbox 1393 924 1547 995; x_wconf 83' lang='lat' dir='ltr'>Camers</span> <span class='ocrx_word' id='word_1_20' title='bbox 1565 933 1691 996; x_wconf 88' lang='lat' dir='ltr'>contra</span> 
     </span>
     <span class='ocr_line' id='line_1_4' title="bbox 347 1036 1690 1127; baseline -0.004 -13"><span class='ocrx_word' id='word_1_21' title='bbox 347 1066 470 1114; x_wconf 90' lang='lat' dir='ltr'>omnes</span> <span class='ocrx_word' id='word_1_22' title='bbox 487 1044 651 1113; x_wconf 90' lang='lat' dir='ltr'>homines</span> <span class='ocrx_word' id='word_1_23' title='bbox 668 1037 837 1108; x_wconf 83' lang='lat' dir='ltr'>mortales</span> <span class='ocrx_word' id='word_1_24' title='bbox 851 1037 1161 1107; x_wconf 81' lang='lat' dir='ltr'>warantizabimus</span> <span class='ocrx_word' id='word_1_25' title='bbox 1174 1036 1460 1127; x_wconf 78' lang='lat' dir='ltr'>acquietabimus</span> <span class='ocrx_word' id='word_1_26' title='bbox 1473 1047 1511 1107; x_wconf 95' lang='lat' dir='ltr'>et</span> <span class='ocrx_word' id='word_1_27' title='bbox 1524 1039 1562 1106; x_wconf 92' lang='lat' dir='ltr'>in</span> <span class='ocrx_word' id='word_1_28' title='bbox 1576 1037 1690 1108; x_wconf 86' lang='lat' dir='ltr'>forma</span> 
     </span>
     <span class='ocr_line' id='line_1_5' title="bbox 346 1145 1690 1248; baseline -0.004 -24"><span class='ocrx_word' id='word_1_29' title='bbox 346 1151 510 1248; x_wconf 84' lang='lat' dir='ltr'>premissa</span> <span class='ocrx_word' id='word_1_30' title='bbox 537 1155 670 1246; x_wconf 90' lang='lat' dir='ltr'>pariter</span> <span class='ocrx_word' id='word_1_31' title='bbox 695 1149 958 1221; x_wconf 88' lang='lat' dir='ltr'>defendemus·</span> <span class='ocrx_word' id='word_1_32' title='bbox 983 1148 1028 1217; x_wconf 92' lang='lat' dir='ltr'>In</span> <span class='ocrx_word' id='word_1_33' title='bbox 1054 1150 1155 1218; x_wconf 87' lang='lat' dir='ltr'>euius</span> <span class='ocrx_word' id='word_1_34' title='bbox 1183 1150 1234 1219; x_wconf 89' lang='lat' dir='ltr'>rei</span> <span class='ocrx_word' id='word_1_35' title='bbox 1261 1145 1506 1219; x_wconf 88' lang='lat' dir='ltr'>testimonium</span> <span class='ocrx_word' id='word_1_36' title='bbox 1534 1145 1690 1243; x_wconf 83' lang='lat' dir='ltr'>sigillum</span> 
     </span>
     <span class='ocr_line' id='line_1_6' title="bbox 347 1257 1689 1358; baseline -0.004 -23"><span class='ocrx_word' id='word_1_37' title='bbox 347 1264 505 1337; x_wconf 88' lang='lat' dir='ltr'>nostrum</span> <span class='ocrx_word' id='word_1_38' title='bbox 523 1261 746 1358; x_wconf 85' lang='lat' dir='ltr'>presentibus</span> <span class='ocrx_word' id='word_1_39' title='bbox 763 1261 933 1331; x_wconf 86' lang='lat' dir='ltr'>duximus</span> <span class='ocrx_word' id='word_1_40' title='bbox 950 1261 1203 1352; x_wconf 91' lang='lat' dir='ltr'>apponendum</span> <span class='ocrx_word' id='word_1_41' title='bbox 1218 1283 1289 1331; x_wconf 90' lang='lat' dir='ltr'>vna</span> <span class='ocrx_word' id='word_1_42' title='bbox 1305 1283 1388 1331; x_wconf 90' lang='lat' dir='ltr'>cuni</span> <span class='ocrx_word' id='word_1_43' title='bbox 1406 1257 1522 1354; x_wconf 83' lang='lat' dir='ltr'>sigillo</span> <span class='ocrx_word' id='word_1_44' title='bbox 1539 1260 1689 1352; x_wconf 91' lang='lat' dir='ltr'>capituli</span> 
     </span>
     <span class='ocr_line' id='line_1_7' title="bbox 346 1367 1691 1466; baseline -0.001 -20"><span class='ocrx_word' id='word_1_45' title='bbox 346 1374 456 1447; x_wconf 89' lang='lat' dir='ltr'>nostri</span> <span class='ocrx_word' id='word_1_46' title='bbox 482 1376 652 1449; x_wconf 74' lang='lat' dir='ltr'>antedicti</span> <span class='ocrx_word' id='word_1_47' title='bbox 679 1373 773 1466; x_wconf 88' lang='lat' dir='ltr'>apud</span> <span class='ocrx_word' id='word_1_48' title='bbox 800 1373 988 1442; x_wconf 89' lang='lat' dir='ltr'>canoniam</span> <span class='ocrx_word' id='word_1_49' title='bbox 1014 1367 1171 1442; x_wconf 89' lang='lat' dir='ltr'>nostram</span> <span class='ocrx_word' id='word_1_50' title='bbox 1189 1369 1487 1444; x_wconf 89' lang='lat' dir='ltr'>Aberdonensem</span> <span class='ocrx_word' id='word_1_51' title='bbox 1510 1370 1612 1443; x_wconf 82' lang='lat' dir='ltr'>sexto</span> <span class='ocrx_word' id='word_1_52' title='bbox 1630 1375 1691 1444; x_wconf 92' lang='lat' dir='ltr'>die</span> 
     </span>
     <span class='ocr_line' id='line_1_8' title="bbox 349 1479 1690 1582; baseline -0.003 -22"><span class='ocrx_word' id='word_1_53' title='bbox 349 1486 478 1561; x_wconf 77' lang='lat' dir='ltr'>mensis</span> <span class='ocrx_word' id='word_1_54' title='bbox 505 1488 641 1582; x_wconf 85' lang='lat' dir='ltr'>Aprilis</span> <span class='ocrx_word' id='word_1_55' title='bbox 671 1508 764 1557; x_wconf 89' lang='lat' dir='ltr'>anno</span> <span class='ocrx_word' id='word_1_56' title='bbox 792 1483 940 1553; x_wconf 89' lang='lat' dir='ltr'>Domini</span> <span class='ocrx_word' id='word_1_57' title='bbox 972 1479 1160 1554; x_wconf 91' lang='lat' dir='ltr'>millesimo</span> <span class='ocrx_word' id='word_1_58' title='bbox 1191 1481 1444 1555; x_wconf 89' lang='lat' dir='ltr'>trecentesimo</span> <span class='ocrx_word' id='word_1_59' title='bbox 1474 1483 1690 1580; x_wconf 72' lang='lat' dir='ltr'>ottogesimo</span> 
     </span>
    </p>
   </div>
   <div class='ocr_carea' id='block_1_3' title="bbox 350 1604 500 1674">
    <p class='ocr_par' dir='ltr' id='par_1_3' title="bbox 350 1604 500 1674">
     <span class='ocr_line' id='line_1_9' title="bbox 350 1604 500 1674; baseline 0.013 -5"><span class='ocrx_word' id='word_1_60' title='bbox 350 1604 475 1674; x_wconf 78' lang='lat' dir='ltr'>‹ittauo</span> <span class='ocrx_word' id='word_1_61' title='bbox 493 1640 500 1656; x_wconf 91' lang='lat'><strong>·</strong></span> 
     </span>
    </p>
   </div>
   <div class='ocr_carea' id='block_1_4' title="bbox 350 1931 1585 2031">
    <p class='ocr_par' dir='ltr' id='par_1_4' title="bbox 350 1931 1585 2031">
     <span class='ocr_line' id='line_1_10' title="bbox 350 1931 1585 2031; baseline -0.006 -21"><span class='ocrx_word' id='word_1_62' title='bbox 350 1942 459 2010; x_wconf 85' lang='lat' dir='ltr'>Carta</span> <span class='ocrx_word' id='word_1_63' title='bbox 476 1940 520 2009; x_wconf 91' lang='lat' dir='ltr'>de</span> <span class='ocrx_word' id='word_1_64' title='bbox 538 1934 793 2031; x_wconf 81' lang='lat' dir='ltr'>Caproustown</span> <span class='ocrx_word' id='word_1_65' title='bbox 813 1934 1012 2004; x_wconf 89' lang='lat' dir='ltr'>Laurencio</span> <span class='ocrx_word' id='word_1_66' title='bbox 1031 1936 1075 2003; x_wconf 92' lang='lat' dir='ltr'>de</span> <span class='ocrx_word' id='word_1_67' title='bbox 1095 1933 1190 2004; x_wconf 92' lang='lat' dir='ltr'>Leth</span> <span class='ocrx_word' id='word_1_68' title='bbox 1208 1931 1368 2005; x_wconf 88' lang='lat' dir='ltr'>concessa</span> <span class='ocrx_word' id='word_1_69' title='bbox 1385 1936 1429 2005; x_wconf 93' lang='lat' dir='ltr'>ad</span> <span class='ocrx_word' id='word_1_70' title='bbox 1448 1937 1559 2007; x_wconf 89' lang='lat' dir='ltr'>vitam</span> <span class='ocrx_word' id='word_1_71' title='bbox 1577 1975 1585 1990; x_wconf 91' lang='lat'><strong>·</strong></span> 
     </span>
    </p>
   </div>
   <div class='ocr_carea' id='block_1_5' title="bbox 348 2141 1693 4607">
    <p class='ocr_par' dir='ltr' id='par_1_5' title="bbox 348 2141 1693 4607">
     <span class='ocr_line' id='line_1_11' title="bbox 351 2141 1691 2237; baseline -0.003 -1"><span class='ocrx_word' id='word_1_72' title='bbox 351 2141 542 2237; x_wconf 87' lang='lat' dir='ltr'>Omnibus</span> <span class='ocrx_word' id='word_1_73' title='bbox 576 2164 668 2234; x_wconf 91' lang='lat' dir='ltr'>hanc</span> <span class='ocrx_word' id='word_1_74' title='bbox 699 2172 833 2231; x_wconf 88' lang='lat' dir='ltr'>cartam</span> <span class='ocrx_word' id='word_1_75' title='bbox 863 2155 987 2228; x_wconf 74' lang='lat' dir='ltr'>visuris</span> <span class='ocrx_word' id='word_1_76' title='bbox 1019 2158 1075 2228; x_wconf 89' lang='lat' dir='ltr'>vel</span> <span class='ocrx_word' id='word_1_77' title='bbox 1106 2159 1281 2230; x_wconf 86' lang='lat' dir='ltr'>audituris</span> <span class='ocrx_word' id='word_1_78' title='bbox 1308 2157 1429 2229; x_wconf 88' lang='lat' dir='ltr'>Adam</span> <span class='ocrx_word' id='word_1_79' title='bbox 1463 2158 1691 2232; x_wconf 90' lang='lat' dir='ltr'>miseratione</span> 
     </span>
     <span class='ocr_line' id='line_1_12' title="bbox 349 2266 1693 2367; baseline -0.002 -20"><span class='ocrx_word' id='word_1_80' title='bbox 349 2279 472 2347; x_wconf 89' lang='lat' dir='ltr'>diuina</span> <span class='ocrx_word' id='word_1_81' title='bbox 489 2274 672 2367; x_wconf 89' lang='lat' dir='ltr'>episcopus</span> <span class='ocrx_word' id='word_1_82' title='bbox 690 2266 957 2342; x_wconf 85' lang='lat' dir='ltr'>Aberdonensis</span> <span class='ocrx_word' id='word_1_83' title='bbox 975 2284 1013 2340; x_wconf 88' lang='lat' dir='ltr'>et</span> <span class='ocrx_word' id='word_1_84' title='bbox 1031 2270 1188 2341; x_wconf 90' lang='lat' dir='ltr'>eiusdem</span> <span class='ocrx_word' id='word_1_85' title='bbox 1215 2266 1363 2342; x_wconf 77' lang='lat' dir='ltr'>ecclesie</span> <span class='ocrx_word' id='word_1_86' title='bbox 1381 2272 1579 2363; x_wconf 89' lang='lat' dir='ltr'>capitulum</span> <span class='ocrx_word' id='word_1_87' title='bbox 1599 2270 1693 2344; x_wconf 89' lang='lat' dir='ltr'>salu-</span> 
     </span>
     <span class='ocr_line' id='line_1_13' title="bbox 349 2380 1691 2459; baseline -0.003 0"><span class='ocrx_word' id='word_1_88' title='bbox 349 2402 423 2459; x_wconf 90' lang='lat' dir='ltr'>teni</span> <span class='ocrx_word' id='word_1_89' title='bbox 444 2391 479 2458; x_wconf 92' lang='lat' dir='ltr'>in</span> <span class='ocrx_word' id='word_1_90' title='bbox 499 2388 659 2456; x_wconf 88' lang='lat' dir='ltr'>oninium</span> <span class='ocrx_word' id='word_1_91' title='bbox 678 2382 851 2455; x_wconf 88' lang='lat' dir='ltr'>salvatore</span> <span class='ocrx_word' id='word_1_92' title='bbox 871 2423 878 2438; x_wconf 94' lang='lat'><strong>·</strong></span> <span class='ocrx_word' id='word_1_93' title='bbox 899 2381 1030 2452; x_wconf 87' lang='lat' dir='ltr'>Sciatis</span> <span class='ocrx_word' id='word_1_94' title='bbox 1052 2380 1691 2457; x_wconf 74' lang='grc'>111111111111111111111111111111</span> 
     </span>
     <span class='ocr_line' id='line_1_14' title="bbox 350 2491 1691 2590; baseline -0.002 -19"><span class='ocrx_word' id='word_1_95' title='bbox 350 2501 481 2571; x_wconf 89' lang='lat' dir='ltr'>habitis</span> <span class='ocrx_word' id='word_1_96' title='bbox 498 2497 602 2590; x_wconf 91' lang='lat' dir='ltr'>super</span> <span class='ocrx_word' id='word_1_97' title='bbox 620 2498 686 2566; x_wconf 91' lang='lat' dir='ltr'>hoc</span> <span class='ocrx_word' id='word_1_98' title='bbox 704 2496 868 2589; x_wconf 84' lang='lat' dir='ltr'>diligenti</span> <span class='ocrx_word' id='word_1_99' title='bbox 887 2497 1041 2565; x_wconf 73' lang='lat' dir='ltr'>tradatu</span> <span class='ocrx_word' id='word_1_100' title='bbox 1060 2505 1098 2565; x_wconf 92' lang='lat' dir='ltr'>et</span> <span class='ocrx_word' id='word_1_101' title='bbox 1115 2491 1288 2587; x_wconf 88' lang='lat' dir='ltr'>solempni</span> <span class='ocrx_word' id='word_1_102' title='bbox 1312 2491 1458 2566; x_wconf 90' lang='lat' dir='ltr'>consilio</span> <span class='ocrx_word' id='word_1_103' title='bbox 1475 2498 1512 2564; x_wconf 91' lang='lat' dir='ltr'>in</span> <span class='ocrx_word' id='word_1_104' title='bbox 1531 2497 1691 2590; x_wconf 88' lang='lat' dir='ltr'>capitulo</span> 
     </span>
     <span class='ocr_line' id='line_1_15' title="bbox 349 2602 1690 2701; baseline -0.002 -18"><span class='ocrx_word' id='word_1_105' title='bbox 349 2610 469 2683; x_wconf 91' lang='lat' dir='ltr'>nostro</span> <span class='ocrx_word' id='word_1_106' title='bbox 487 2611 644 2680; x_wconf 80' lang='lat' dir='ltr'>utilitate</span> <span class='ocrx_word' id='word_1_107' title='bbox 672 2604 791 2678; x_wconf 88' lang='lat' dir='ltr'>nostra</span> <span class='ocrx_word' id='word_1_108' title='bbox 820 2604 969 2699; x_wconf 89' lang='lat' dir='ltr'>pensata</span> <span class='ocrx_word' id='word_1_109' title='bbox 995 2602 1124 2676; x_wconf 83' lang='lat' dir='ltr'>dedisse</span> <span class='ocrx_word' id='word_1_110' title='bbox 1152 2604 1351 2678; x_wconf 82' lang='lat' dir='ltr'>concessisse</span> <span class='ocrx_word' id='word_1_111' title='bbox 1375 2619 1413 2678; x_wconf 91' lang='lat' dir='ltr'>et</span> <span class='ocrx_word' id='word_1_112' title='bbox 1439 2609 1506 2680; x_wconf 90' lang='lat' dir='ltr'>hac</span> <span class='ocrx_word' id='word_1_113' title='bbox 1534 2607 1690 2701; x_wconf 90' lang='lat' dir='ltr'>presenti</span> 
     </span>
     <span class='ocr_line' id='line_1_16' title="bbox 349 2716 1691 2812; baseline -0.002 -17"><span class='ocrx_word' id='word_1_114' title='bbox 349 2735 449 2796; x_wconf 89' lang='lat' dir='ltr'>carta</span> <span class='ocrx_word' id='word_1_115' title='bbox 465 2720 584 2793; x_wconf 89' lang='lat' dir='ltr'>nostra</span> <span class='ocrx_word' id='word_1_116' title='bbox 601 2717 819 2792; x_wconf 85' lang='lat' dir='ltr'>confirmasse</span> <span class='ocrx_word' id='word_1_117' title='bbox 835 2719 1035 2788; x_wconf 88' lang='lat' dir='ltr'>Laurencio</span> <span class='ocrx_word' id='word_1_118' title='bbox 1053 2718 1097 2788; x_wconf 91' lang='lat' dir='ltr'>de</span> <span class='ocrx_word' id='word_1_119' title='bbox 1112 2716 1206 2788; x_wconf 76' lang='lat' dir='ltr'>Loth</span> <span class='ocrx_word' id='word_1_120' title='bbox 1225 2719 1298 2789; x_wconf 88' lang='lat' dir='ltr'>lilio</span> <span class='ocrx_word' id='word_1_121' title='bbox 1317 2728 1354 2789; x_wconf 89' lang='lat' dir='ltr'>et</span> <span class='ocrx_word' id='word_1_122' title='bbox 1372 2720 1494 2790; x_wconf 91' lang='lat' dir='ltr'>heredi</span> <span class='ocrx_word' id='word_1_123' title='bbox 1509 2724 1691 2812; x_wconf 88' lang='lat' dir='ltr'>quondam</span> 
     </span>
     <span class='ocr_line' id='line_1_17' title="bbox 351 2826 1692 2925; baseline -0.001 -20"><span class='ocrx_word' id='word_1_124' title='bbox 351 2837 402 2905; x_wconf 90' lang='lat' dir='ltr'>W</span> <span class='ocrx_word' id='word_1_125' title='bbox 404 2836 530 2907; x_wconf 91' lang='lat' dir='ltr'>illeliui</span> <span class='ocrx_word' id='word_1_126' title='bbox 550 2835 594 2904; x_wconf 92' lang='lat' dir='ltr'>de</span> <span class='ocrx_word' id='word_1_127' title='bbox 614 2832 708 2903; x_wconf 83' lang='lat' dir='ltr'>Loth</span> <span class='ocrx_word' id='word_1_128' title='bbox 735 2841 830 2900; x_wconf 88' lang='lat' dir='ltr'>totas</span> <span class='ocrx_word' id='word_1_129' title='bbox 856 2840 969 2900; x_wconf 91' lang='lat' dir='ltr'>terras</span> <span class='ocrx_word' id='word_1_130' title='bbox 994 2826 1131 2900; x_wconf 86' lang='lat' dir='ltr'>nostras</span> <span class='ocrx_word' id='word_1_131' title='bbox 1156 2830 1201 2899; x_wconf 90' lang='lat' dir='ltr'>de</span> <span class='ocrx_word' id='word_1_132' title='bbox 1222 2828 1444 2923; x_wconf 83' lang='lat' dir='ltr'>Capronston</span> <span class='ocrx_word' id='word_1_133' title='bbox 1472 2856 1554 2902; x_wconf 90' lang='grc'>1111</span> <span class='ocrx_word' id='word_1_134' title='bbox 1580 2836 1692 2925; x_wconf 88' lang='lat' dir='ltr'>perti-</span> 
     </span>
     <span class='ocr_line' id='line_1_18' title="bbox 350 2941 1690 3036; baseline -0.004 -16"><span class='ocrx_word' id='word_1_135' title='bbox 350 2950 487 3020; x_wconf 90' lang='lat' dir='ltr'>nenciis</span> <span class='ocrx_word' id='word_1_136' title='bbox 522 2944 591 3017; x_wconf 93' lang='lat' dir='ltr'>suis</span> <span class='ocrx_word' id='word_1_137' title='bbox 622 2941 893 3036; x_wconf 85' lang='lat' dir='ltr'>quibuscunque</span> <span class='ocrx_word' id='word_1_138' title='bbox 927 2943 1021 3012; x_wconf 87' lang='lat' dir='ltr'>infra</span> <span class='ocrx_word' id='word_1_139' title='bbox 1052 2944 1343 3013; x_wconf 85' lang='lat' dir='ltr'>vicecomitatum</span> <span class='ocrx_word' id='word_1_140' title='bbox 1374 2943 1419 3013; x_wconf 91' lang='lat' dir='ltr'>de</span> <span class='ocrx_word' id='word_1_141' title='bbox 1444 2944 1615 3015; x_wconf 89' lang='lat' dir='ltr'>Aberden</span> <span class='ocrx_word' id='word_1_142' title='bbox 1653 2948 1690 3015; x_wconf 91' lang='lat' dir='ltr'>in</span> 
     </span>
     <span class='ocr_line' id='line_1_19' title="bbox 349 3053 1690 3153; baseline -0.003 -22"><span class='ocrx_word' id='word_1_143' title='bbox 349 3063 478 3153; x_wconf 90' lang='lat' dir='ltr'>quihus</span> <span class='ocrx_word' id='word_1_144' title='bbox 504 3059 648 3151; x_wconf 89' lang='lat' dir='ltr'>quidem</span> <span class='ocrx_word' id='word_1_145' title='bbox 680 3055 784 3125; x_wconf 89' lang='lat' dir='ltr'>terris</span> <span class='ocrx_word' id='word_1_146' title='bbox 814 3055 973 3146; x_wconf 87' lang='lat' dir='ltr'>prefatus</span> <span class='ocrx_word' id='word_1_147' title='bbox 999 3055 1179 3144; x_wconf 90' lang='lat' dir='ltr'>quondam</span> <span class='ocrx_word' id='word_1_148' title='bbox 1206 3053 1417 3125; x_wconf 88' lang='lat' dir='ltr'>Willelmus</span> <span class='ocrx_word' id='word_1_149' title='bbox 1443 3056 1513 3126; x_wconf 87' lang='lat' dir='ltr'>fuit</span> <span class='ocrx_word' id='word_1_150' title='bbox 1540 3054 1690 3127; x_wconf 77' lang='lat' dir='ltr'>vestitus</span> 
     </span>
     <span class='ocr_line' id='line_1_20' title="bbox 349 3161 1690 3266; baseline -0.003 -23"><span class='ocrx_word' id='word_1_151' title='bbox 349 3169 496 3266; x_wconf 80' lang='lat' dir='ltr'>saysitus</span> <span class='ocrx_word' id='word_1_152' title='bbox 514 3181 551 3241; x_wconf 92' lang='grc'>11</span> <span class='ocrx_word' id='word_1_153' title='bbox 569 3168 783 3240; x_wconf 85' lang='lat' dir='ltr'>hereditarie</span> <span class='ocrx_word' id='word_1_154' title='bbox 809 3166 1013 3235; x_wconf 82' lang='lat' dir='ltr'>iiiseoilatus</span> <span class='ocrx_word' id='word_1_155' title='bbox 1031 3161 1095 3235; x_wconf 91' lang='lat' dir='ltr'>sibi</span> <span class='ocrx_word' id='word_1_156' title='bbox 1114 3176 1151 3235; x_wconf 91' lang='lat' dir='ltr'>et</span> <span class='ocrx_word' id='word_1_157' title='bbox 1168 3166 1360 3236; x_wconf 88' lang='lat' dir='ltr'>heredibus</span> <span class='ocrx_word' id='word_1_158' title='bbox 1377 3164 1446 3236; x_wconf 89' lang='lat' dir='ltr'>suis</span> <span class='ocrx_word' id='word_1_159' title='bbox 1473 3191 1536 3259; x_wconf 89' lang='lat' dir='ltr'>per</span> <span class='ocrx_word' id='word_1_160' title='bbox 1553 3178 1690 3240; x_wconf 86' lang='lat' dir='ltr'>cartam</span> 
     </span>
     <span class='ocr_line' id='line_1_21' title="bbox 348 3276 1690 3370; baseline -0.004 -14"><span class='ocrx_word' id='word_1_161' title='bbox 348 3287 442 3355; x_wconf 92' lang='lat' dir='ltr'>bone</span> <span class='ocrx_word' id='word_1_162' title='bbox 477 3283 649 3353; x_wconf 88' lang='lat' dir='ltr'>memorie</span> <span class='ocrx_word' id='word_1_163' title='bbox 680 3278 860 3370; x_wconf 88' lang='lat' dir='ltr'>quondam</span> <span class='ocrx_word' id='word_1_164' title='bbox 891 3279 1026 3347; x_wconf 92' lang='lat' dir='ltr'>domini</span> <span class='ocrx_word' id='word_1_165' title='bbox 1058 3276 1259 3349; x_wconf 85' lang='lat' dir='ltr'>Alexandri</span> <span class='ocrx_word' id='word_1_166' title='bbox 1294 3276 1546 3370; x_wconf 81' lang='lat' dir='ltr'>predecessoris</span> <span class='ocrx_word' id='word_1_167' title='bbox 1579 3277 1690 3351; x_wconf 89' lang='lat' dir='ltr'>nostri</span> 
     </span>
     <span class='ocr_line' id='line_1_22' title="bbox 349 3385 1690 3491; baseline -0.002 -25"><span class='ocrx_word' id='word_1_168' title='bbox 349 3396 503 3491; x_wconf 82' lang='lat' dir='ltr'>episcopi</span> <span class='ocrx_word' id='word_1_169' title='bbox 534 3387 800 3464; x_wconf 88' lang='lat' dir='ltr'>Aberdonensis</span> <span class='ocrx_word' id='word_1_170' title='bbox 832 3389 958 3458; x_wconf 79' lang='lat' dir='ltr'>ultimo</span> <span class='ocrx_word' id='word_1_171' title='bbox 989 3386 1149 3460; x_wconf 76' lang='grc'>(11111111</span> <span class='ocrx_word' id='word_1_172' title='bbox 1177 3397 1253 3459; x_wconf 88' lang='lat' dir='ltr'>tam</span> <span class='ocrx_word' id='word_1_173' title='bbox 1288 3413 1352 3482; x_wconf 92' lang='lat' dir='ltr'>pro</span> <span class='ocrx_word' id='word_1_174' title='bbox 1382 3385 1621 3484; x_wconf 83' lang='lat' dir='ltr'>resignatione</span> <span class='ocrx_word' id='word_1_175' title='bbox 1651 3403 1690 3463; x_wconf 91' lang='lat' dir='ltr'>ct</span> 
     </span>
     <span class='ocr_line' id='line_1_23' title="bbox 349 3497 1691 3594; baseline -0.004 -14"><span class='ocrx_word' id='word_1_176' title='bbox 349 3508 484 3579; x_wconf 87' lang='lat' dir='ltr'>sursum</span> <span class='ocrx_word' id='word_1_177' title='bbox 508 3505 709 3576; x_wconf 88' lang='lat' dir='ltr'>redditione</span> <span class='ocrx_word' id='word_1_178' title='bbox 736 3502 821 3571; x_wconf 90' lang='lat' dir='ltr'>iuris</span> <span class='ocrx_word' id='word_1_179' title='bbox 846 3513 885 3571; x_wconf 91' lang='lat' dir='ltr'>et</span> <span class='ocrx_word' id='word_1_180' title='bbox 907 3501 1026 3593; x_wconf 89' lang='lat' dir='ltr'>clamij</span> <span class='ocrx_word' id='word_1_181' title='bbox 1055 3497 1162 3593; x_wconf 89' lang='lat' dir='ltr'>ipsius</span> <span class='ocrx_word' id='word_1_182' title='bbox 1181 3500 1369 3594; x_wconf 92' lang='lat' dir='ltr'>Laurencij</span> <span class='ocrx_word' id='word_1_183' title='bbox 1390 3525 1459 3573; x_wconf 91' lang='lat' dir='ltr'>vna</span> <span class='ocrx_word' id='word_1_184' title='bbox 1482 3526 1564 3574; x_wconf 90' lang='lat' dir='ltr'>cuni</span> <span class='ocrx_word' id='word_1_185' title='bbox 1592 3515 1691 3575; x_wconf 87' lang='lat' dir='ltr'>carta</span> 
     </span>
     <span class='ocr_line' id='line_1_24' title="bbox 351 3609 1690 3714; baseline -0.003 -26"><span class='ocrx_word' id='word_1_186' title='bbox 351 3629 539 3714; x_wconf 87' lang='lat' dir='ltr'>prenotata</span> <span class='ocrx_word' id='word_1_187' title='bbox 556 3639 661 3708; x_wconf 90' lang='lat' dir='ltr'>quani</span> <span class='ocrx_word' id='word_1_188' title='bbox 681 3637 744 3706; x_wconf 89' lang='lat' dir='ltr'>pro</span> <span class='ocrx_word' id='word_1_189' title='bbox 762 3612 945 3683; x_wconf 87' lang='lat' dir='ltr'>beneficiis</span> <span class='ocrx_word' id='word_1_190' title='bbox 962 3613 1064 3682; x_wconf 92' lang='lat' dir='ltr'>nohis</span> <span class='ocrx_word' id='word_1_191' title='bbox 1082 3624 1120 3682; x_wconf 91' lang='lat' dir='ltr'>et</span> <span class='ocrx_word' id='word_1_192' title='bbox 1137 3609 1257 3683; x_wconf 89' lang='lat' dir='ltr'>nostre</span> <span class='ocrx_word' id='word_1_193' title='bbox 1274 3610 1424 3684; x_wconf 87' lang='grc'>11111111</span> <span class='ocrx_word' id='word_1_194' title='bbox 1441 3612 1609 3708; x_wconf 76' lang='lat' dir='ltr'>impensis</span> <span class='ocrx_word' id='word_1_195' title='bbox 1626 3639 1690 3708; x_wconf 91' lang='lat' dir='ltr'>per</span> 
     </span>
     <span class='ocr_line' id='line_1_25' title="bbox 350 3724 1689 3825; baseline -0.004 -23"><span class='ocrx_word' id='word_1_196' title='bbox 350 3735 462 3825; x_wconf 86' lang='lat' dir='ltr'>iplirin</span> <span class='ocrx_word' id='word_1_197' title='bbox 482 3741 519 3801; x_wconf 87' lang='lat' dir='ltr'>et</span> <span class='ocrx_word' id='word_1_198' title='bbox 537 3725 785 3820; x_wconf 88' lang='lat' dir='ltr'>impendendis</span> <span class='ocrx_word' id='word_1_199' title='bbox 804 3764 811 3779; x_wconf 94' lang='lat'><strong>·</strong></span> <span class='ocrx_word' id='word_1_200' title='bbox 830 3724 1019 3794; x_wconf 90' lang='lat' dir='ltr'>Tenendas</span> <span class='ocrx_word' id='word_1_201' title='bbox 1042 3733 1080 3793; x_wconf 91' lang='lat' dir='ltr'>et</span> <span class='ocrx_word' id='word_1_202' title='bbox 1105 3724 1286 3795; x_wconf 88' lang='lat' dir='ltr'>habendas</span> <span class='ocrx_word' id='word_1_203' title='bbox 1313 3726 1487 3816; x_wconf 68' lang='lat' dir='ltr'>predidtas</span> <span class='ocrx_word' id='word_1_204' title='bbox 1513 3737 1626 3799; x_wconf 87' lang='lat' dir='ltr'>terras</span> <span class='ocrx_word' id='word_1_205' title='bbox 1644 3728 1689 3797; x_wconf 87' lang='lat' dir='ltr'>de</span> 
     </span>
     <span class='ocr_line' id='line_1_26' title="bbox 350 3834 1689 3936; baseline -0.003 -24"><span class='ocrx_word' id='word_1_206' title='bbox 350 3838 595 3936; x_wconf 76' lang='lat' dir='ltr'>(laproiistouu</span> <span class='ocrx_word' id='word_1_207' title='bbox 614 3862 696 3909; x_wconf 92' lang='lat' dir='ltr'>cuin</span> <span class='ocrx_word' id='word_1_208' title='bbox 715 3836 946 3929; x_wconf 86' lang='lat' dir='ltr'>pertinenciis</span> <span class='ocrx_word' id='word_1_209' title='bbox 971 3835 1111 3927; x_wconf 88' lang='lat' dir='ltr'>prefato</span> <span class='ocrx_word' id='word_1_210' title='bbox 1130 3834 1330 3906; x_wconf 86' lang='lat' dir='ltr'>Laurencio</span> <span class='ocrx_word' id='word_1_211' title='bbox 1348 3846 1508 3928; x_wconf 90' lang='lat' dir='ltr'>prototo</span> <span class='ocrx_word' id='word_1_212' title='bbox 1527 3849 1689 3931; x_wconf 90' lang='lat' dir='ltr'>tempore</span> 
     </span>
     <span class='ocr_line' id='line_1_27' title="bbox 352 3943 1690 4043; baseline 0.001 -24"><span class='ocrx_word' id='word_1_213' title='bbox 352 3958 424 4024; x_wconf 78' lang='lat' dir='ltr'>vite</span> <span class='ocrx_word' id='word_1_214' title='bbox 442 3952 501 4023; x_wconf 87' lang='lat' dir='ltr'>suc</span> <span class='ocrx_word' id='word_1_215' title='bbox 519 3953 564 4021; x_wconf 84' lang='lat' dir='ltr'>de</span> <span class='ocrx_word' id='word_1_216' title='bbox 582 3950 684 4019; x_wconf 88' lang='lat' dir='ltr'>nohis</span> <span class='ocrx_word' id='word_1_217' title='bbox 702 3961 739 4018; x_wconf 93' lang='grc'>11</span> <span class='ocrx_word' id='word_1_218' title='bbox 757 3943 1007 4018; x_wconf 76' lang='lat' dir='ltr'>suecessoribus</span> <span class='ocrx_word' id='word_1_219' title='bbox 1035 3944 1161 4016; x_wconf 90' lang='lat' dir='ltr'>nostris</span> <span class='ocrx_word' id='word_1_220' title='bbox 1179 3944 1497 4019; x_wconf 83' lang='lat' dir='ltr'>Aberdonensrbus</span> <span class='ocrx_word' id='word_1_221' title='bbox 1518 3946 1690 4043; x_wconf 87' lang='lat' dir='ltr'>episeopis</span> 
     </span>
     <span class='ocr_line' id='line_1_28' title="bbox 351 4059 1690 4159; baseline 0.001 -28"><span class='ocrx_word' id='word_1_222' title='bbox 351 4068 410 4159; x_wconf 92' lang='lat' dir='ltr'>qui</span> <span class='ocrx_word' id='word_1_223' title='bbox 430 4089 492 4157; x_wconf 94' lang='lat' dir='ltr'>pro</span> <span class='ocrx_word' id='word_1_224' title='bbox 510 4074 671 4153; x_wconf 89' lang='lat' dir='ltr'>tempore</span> <span class='ocrx_word' id='word_1_225' title='bbox 690 4061 824 4129; x_wconf 88' lang='lat' dir='ltr'>fuerint</span> <span class='ocrx_word' id='word_1_226' title='bbox 843 4059 954 4129; x_wconf 92' lang='lat' dir='ltr'>libere</span> <span class='ocrx_word' id='word_1_227' title='bbox 968 4072 1006 4127; x_wconf 89' lang='lat' dir='ltr'>ct</span> <span class='ocrx_word' id='word_1_228' title='bbox 1020 4060 1142 4149; x_wconf 90' lang='lat' dir='ltr'>quiete</span> <span class='ocrx_word' id='word_1_229' title='bbox 1161 4060 1253 4129; x_wconf 91' lang='lat' dir='ltr'>hene</span> <span class='ocrx_word' id='word_1_230' title='bbox 1268 4072 1305 4129; x_wconf 90' lang='lat' dir='ltr'>et</span> <span class='ocrx_word' id='word_1_231' title='bbox 1323 4061 1360 4128; x_wconf 91' lang='lat' dir='ltr'>iu</span> <span class='ocrx_word' id='word_1_232' title='bbox 1379 4083 1466 4152; x_wconf 85' lang='lat' dir='ltr'>paee</span> <span class='ocrx_word' id='word_1_233' title='bbox 1484 4086 1548 4154; x_wconf 87' lang='lat' dir='ltr'>pei</span> <span class='ocrx_word' id='word_1_234' title='bbox 1565 4086 1690 4133; x_wconf 85' lang='lat' dir='ltr'>omncs</span> 
     </span>
     <span class='ocr_line' id='line_1_29' title="bbox 350 4169 1689 4262; baseline -0.002 -15"><span class='ocrx_word' id='word_1_235' title='bbox 350 4180 464 4247; x_wconf 74' lang='lat' dir='ltr'>retias</span> <span class='ocrx_word' id='word_1_236' title='bbox 490 4186 603 4244; x_wconf 86' lang='lat' dir='ltr'>inctas</span> <span class='ocrx_word' id='word_1_237' title='bbox 630 4171 708 4243; x_wconf 90' lang='lat' dir='ltr'>suas</span> <span class='ocrx_word' id='word_1_238' title='bbox 733 4172 899 4262; x_wconf 88' lang='lat' dir='ltr'>antiquas</span> <span class='ocrx_word' id='word_1_239' title='bbox 917 4182 955 4241; x_wconf 90' lang='lat' dir='ltr'>et</span> <span class='ocrx_word' id='word_1_240' title='bbox 973 4169 1102 4241; x_wconf 90' lang='lat' dir='ltr'>diuisas</span> <span class='ocrx_word' id='word_1_241' title='bbox 1128 4171 1165 4239; x_wconf 92' lang='lat' dir='ltr'>iu</span> <span class='ocrx_word' id='word_1_242' title='bbox 1192 4171 1299 4240; x_wconf 84' lang='lat' dir='ltr'>moris</span> <span class='ocrx_word' id='word_1_243' title='bbox 1326 4184 1364 4241; x_wconf 88' lang='grc'>11</span> <span class='ocrx_word' id='word_1_244' title='bbox 1390 4169 1546 4243; x_wconf 89' lang='lat' dir='ltr'>maresiis</span> <span class='ocrx_word' id='word_1_245' title='bbox 1568 4175 1605 4244; x_wconf 92' lang='lat' dir='ltr'>in</span> <span class='ocrx_word' id='word_1_246' title='bbox 1624 4176 1689 4244; x_wconf 85' lang='lat' dir='ltr'>viis</span> 
     </span>
     <span class='ocr_line' id='line_1_30' title="bbox 351 4280 1689 4376; baseline -0.004 -17"><span class='ocrx_word' id='word_1_247' title='bbox 351 4288 486 4359; x_wconf 89' lang='lat' dir='ltr'>semitis</span> <span class='ocrx_word' id='word_1_248' title='bbox 516 4287 553 4354; x_wconf 93' lang='lat' dir='ltr'>in</span> <span class='ocrx_word' id='word_1_249' title='bbox 581 4286 681 4373; x_wconf 90' lang='lat' dir='ltr'>aquis</span> <span class='ocrx_word' id='word_1_250' title='bbox 708 4294 747 4352; x_wconf 91' lang='lat' dir='ltr'>et</span> <span class='ocrx_word' id='word_1_251' title='bbox 775 4280 906 4376; x_wconf 86' lang='lat' dir='ltr'>stagnis</span> <span class='ocrx_word' id='word_1_252' title='bbox 934 4306 1017 4353; x_wconf 88' lang='lat' dir='ltr'>cuin</span> <span class='ocrx_word' id='word_1_253' title='bbox 1047 4282 1346 4374; x_wconf 86' lang='lat' dir='ltr'>aucupationibus</span> <span class='ocrx_word' id='word_1_254' title='bbox 1373 4291 1411 4353; x_wconf 90' lang='grc'>11</span> <span class='ocrx_word' id='word_1_255' title='bbox 1439 4285 1689 4356; x_wconf 87' lang='lat' dir='ltr'>venationibus</span> 
     </span>
     <span class='ocr_line' id='line_1_31' title="bbox 351 4391 1689 4487; baseline -0.004 -15"><span class='ocrx_word' id='word_1_256' title='bbox 351 4423 434 4473; x_wconf 86' lang='lat' dir='ltr'>cunr</span> <span class='ocrx_word' id='word_1_257' title='bbox 460 4397 566 4487; x_wconf 88' lang='lat' dir='ltr'>curijs</span> <span class='ocrx_word' id='word_1_258' title='bbox 591 4396 768 4464; x_wconf 85' lang='lat' dir='ltr'>curiarum</span> <span class='ocrx_word' id='word_1_259' title='bbox 795 4396 953 4465; x_wconf 80' lang='lat' dir='ltr'>exitibus</span> <span class='ocrx_word' id='word_1_260' title='bbox 971 4406 1008 4465; x_wconf 85' lang='grc'>11</span> <span class='ocrx_word' id='word_1_261' title='bbox 1026 4391 1197 4465; x_wconf 87' lang='lat' dir='ltr'>eschaetis</span> <span class='ocrx_word' id='word_1_262' title='bbox 1215 4403 1252 4463; x_wconf 90' lang='grc'>11</span> <span class='ocrx_word' id='word_1_263' title='bbox 1271 4417 1353 4464; x_wconf 91' lang='lat' dir='ltr'>cum</span> <span class='ocrx_word' id='word_1_264' title='bbox 1371 4397 1537 4467; x_wconf 90' lang='lat' dir='ltr'>omnibus</span> <span class='ocrx_word' id='word_1_265' title='bbox 1554 4397 1635 4468; x_wconf 88' lang='lat' dir='ltr'>aliis</span> <span class='ocrx_word' id='word_1_266' title='bbox 1650 4411 1689 4467; x_wconf 88' lang='lat' dir='ltr'>et</span> 
     </span>
     <span class='ocr_line' id='line_1_32' title="bbox 352 4500 1689 4607; baseline -0.004 -22"><span class='ocrx_word' id='word_1_267' title='bbox 352 4510 497 4607; x_wconf 80' lang='lat' dir='ltr'>lingulis</span> <span class='ocrx_word' id='word_1_268' title='bbox 525 4505 750 4579; x_wconf 87' lang='lat' dir='ltr'>libertatibus</span> <span class='ocrx_word' id='word_1_269' title='bbox 773 4506 1089 4578; x_wconf 91' lang='lat' dir='ltr'>commoditatibus</span> <span class='ocrx_word' id='word_1_270' title='bbox 1106 4500 1334 4598; x_wconf 88' lang='lat' dir='ltr'>aysiamentis</span> <span class='ocrx_word' id='word_1_271' title='bbox 1351 4516 1390 4577; x_wconf 89' lang='lat' dir='ltr'>et</span> <span class='ocrx_word' id='word_1_272' title='bbox 1407 4505 1507 4578; x_wconf 86' lang='lat' dir='ltr'>iustis</span> <span class='ocrx_word' id='word_1_273' title='bbox 1524 4505 1594 4579; x_wconf 90' lang='lat' dir='ltr'>suis</span> <span class='ocrx_word' id='word_1_274' title='bbox 1610 4532 1689 4602; x_wconf 89' lang='lat' dir='ltr'>per·</span> 
     </span>
    </p>
   </div>
   <div class='ocr_carea' id='block_1_6' title="bbox 0 0 2049 5430">
    <p class='ocr_par' dir='ltr' id='par_1_6' title="bbox 0 0 2049 5430">
     <span class='ocr_line' id='line_1_33' title="bbox 0 0 2049 5430; baseline 0 0"><span class='ocrx_word' id='word_1_275' title='bbox 0 0 2049 5430; x_wconf 95' lang='lat' dir='ltr'> </span> 
     </span>
    </p>
   </div>
  </div>
 </body>
</html>
