4058 5430
332 619 402 688 406
864 609 1167 682 REGISTRUM
1517 614 1687 708 [sucum

334 816 389 886 vel
403 806 891 907 percensuraseeoleliastieas
901 810 983 881 illos
993 806 1212 904 astringendi
1224 809 1487 905 solutionesque
1497 812 1687 885 illiusfae-

336 929 439 997 tasin
450 926 632 1018 sooooarijs
645 923 779 995 domini
792 921 904 1017 Regis
916 922 1062 993 allooari
1079 924 1226 1015 petendi
1245 935 1284 993 et
1294 921 1405 1016 ipsam
1417 924 1681 996 allocutionem

336 1040 523 1109 annuatim
537 1036 734 1130 aecipiendi
747 1048 788 1104 vt
801 1034 847 1105 de
860 1036 973 1105 veteri
988 1030 1249 1105 consuetudine
1261 1033 1406 1106 allooari
1418 1034 1511 1106 dieto
1525 1035 1681 1106 domino

338 1147 466 1219 Erlkin
480 1148 691 1220 consuetum
702 1148 820 1218 fuerat
837 1187 845 1204 ·
865 1171 907 1219 ao
923 1147 1045 1218 omnia
1061 1145 1132 1217 alia
1144 1156 1184 1216 et
1200 1141 1340 1240 singula
1352 1147 1506 1218 faciendi
1522 1148 1680 1242 gerendi

338 1271 377 1330 et
394 1261 585 1330 exercendi
603 1282 673 1351 que
691 1258 735 1329 ad
752 1260 1021 1351 perceptionem
1032 1267 1071 1329 et
1087 1255 1303 1329 solutionem
1315 1258 1569 1350 acquirendam
1587 1259 1678 1329 diei

338 1373 448 1440 annui
466 1370 627 1441 redditus
646 1365 839 1441 necessaria
855 1357 992 1441 fuerint
1017 1368 1078 1440 seu
1096 1371 1207 1441 etiam
1224 1378 1452 1462 opportuna·
1472 1369 1679 1441 Reddendo

338 1483 424 1552 inde
437 1484 624 1554 aunuatim
638 1480 724 1554 didli
739 1505 913 1576 pauperes
927 1490 1101 1553 eteorum
1114 1477 1325 1553 suooellores
1343 1483 1381 1552 in
1395 1482 1488 1553 disto
1505 1478 1678 1574 hospitali

339 1592 535 1666 residentes
548 1596 643 1665 dieto
655 1595 801 1666 domino
814 1591 935 1664 nostro
947 1593 1040 1689 Regi
1053 1602 1092 1664 et
1104 1589 1355 1664 suecefforibus
1372 1591 1500 1666 suisne
1516 1617 1581 1686 pro
1598 1597 1679 1664 ani·

340 1707 466 1778 mabns
476 1708 643 1800 predidtis
656 1709 860 1779 orationum
870 1704 1035 1801 suffragia
1045 1707 1258 1777 denotarum
1269 1717 1434 1777 tantum·
1454 1706 1503 1777 Et
1514 1707 1678 1798 quianon

302 1853 308 1861 .
339 1819 452 1889 diotae
469 1831 616 1889 eentum
634 1818 743 1889 libras
756 1821 867 1890 annui
884 1818 1045 1889 redditus
1059 1841 1081 1888 a
1097 1818 1192 1888 dioto
1204 1818 1351 1888 domino
1368 1819 1413 1888 de
1427 1814 1554 1888 Erssrin
1573 1817 1680 1888 here-

340 1931 467 2001 ditarie
481 1942 621 2023 emptas
638 1931 812 2001 habemus
829 1930 932 2002 nobis
943 1929 1135 2002 heredibus
1152 1939 1190 2000 et
1208 1924 1390 2024 affignatis
1408 1924 1533 1999 nostris
1551 1939 1591 1998 et
1608 1951 1680 2000 nos

339 2041 480 2113 easdem
506 2053 656 2114 eentum
682 2042 790 2114 libras
816 2041 922 2115 dietis
947 2042 1164 2136 pauperibus
1189 2036 1403 2135 affignamus
1428 2043 1465 2111 in
1495 2038 1578 2111 casu
1600 2063 1679 2124 non

338 2154 526 2226 solutionis
556 2152 716 2225 eiusdem
740 2153 878 2225 summe
904 2153 1017 2225 dittos
1044 2176 1216 2247 pauperes
1243 2162 1281 2224 et
1310 2175 1433 2223 eorum
1463 2148 1680 2223 suooellores

340 2263 479 2337 nostros
495 2261 687 2360 affignatos
705 2267 749 2337 ad
767 2265 923 2336 eundem
941 2287 1101 2336 annuum
1118 2266 1299 2336 redditum
1317 2264 1536 2360 exigendum
1548 2273 1681 2357 peten-

339 2380 426 2448 dum
437 2390 475 2450 et
488 2380 683 2450 leuandum
697 2389 735 2449 et
748 2400 813 2470 pro
827 2378 953 2447 eodem
965 2373 1249 2472 distringendum
1266 2401 1308 2448 ao
1320 2371 1347 2446 fi
1359 2372 1496 2448 neoeffe
1506 2376 1616 2446 fuerit
1627 2399 1679 2447 ex

339 2514 554 2582 quoeunque
580 2498 716 2561 euentu
733 2490 855 2560 futuro
882 2489 1016 2559 dietum
1042 2487 1246 2561 Johannem
1273 2487 1459 2559 dominum
1477 2483 1616 2579 Erlkyn
1637 2499 1679 2559 et

338 2602 488 2673 heredes
505 2601 586 2672 suos
599 2605 635 2671 in
654 2610 850 2674 warrantos
867 2598 1025 2671 eiusdem
1037 2603 1149 2672 annui
1165 2600 1329 2671 redditus
1342 2600 1543 2672 vocandum
1562 2610 1602 2669 vt
1627 2601 1679 2671 de

338 2717 415 2784 iure
428 2714 553 2785 lioebit
569 2722 607 2783 et
620 2722 745 2784 eontra
761 2713 843 2784 illos
860 2713 906 2782 de
919 2714 1098 2783 euiltione
1109 2712 1286 2808 agendum
1305 2722 1346 2783 vt
1363 2714 1432 2783 iuri
1448 2713 1617 2807 congruit
1635 2723 1677 2784 et

336 2828 437 2898 inea
461 2838 563 2920 parte
581 2822 686 2896 eausa
704 2822 841 2897 seilicet
865 2826 1054 2895 euittionis
1080 2836 1119 2895 et
1142 2826 1334 2895 warranoie
1360 2824 1431 2895 illis
1456 2824 1678 2917 pauperibus

337 2935 580 3010 vioesnostras
594 2939 878 3009 committimus·
892 2934 1104 3009 reseruando
1122 2936 1225 3006 nobis
1239 2958 1302 3028 pro
1320 2944 1399 3006 toto
1416 2947 1580 3029 tempore
1598 2938 1678 3007 vite

337 3047 454 3121 nostre
480 3048 694 3143 potestatem
725 3050 817 3120 hanc
843 3045 999 3120 nostram
1026 3049 1276 3120 fundationem
1302 3047 1479 3120 alterandi
1507 3049 1678 3119 mutandi

336 3163 491 3257 augendi
509 3172 547 3231 et
565 3162 786 3231 diminuendi
801 3172 840 3231 vt
859 3162 961 3232 nobis
978 3164 1092 3256 magis
1107 3162 1289 3232 videbitur
1302 3163 1471 3253 expedire
1485 3200 1493 3214 ·
1508 3160 1552 3230 In
1570 3163 1677 3231 ouius

336 3279 393 3345 rei<
404 3271 650 3344 testimonium
665 3273 748 3344 huio
766 3271 922 3365 presenti
939 3282 1038 3345 carte
1056 3269 1175 3344 nostre
1194 3268 1349 3366 figillum
1367 3269 1528 3344 nostrum
1545 3281 1678 3343 auten-

335 3390 449 3457 ticum
460 3382 580 3455 nostra
593 3407 702 3455 manu
714 3382 908 3478 subscripte
922 3381 974 3455 est
986 3384 1181 3478 appensum
1194 3384 1319 3476 ·Apud
1333 3381 1678 3479 Edinburghvioefi-

335 3522 395 3567 mo
407 3499 514 3567 tertio
525 3499 584 3567 die
597 3491 917 3589 menfisFebruarij
925 3520 1019 3567 anno
1027 3496 1176 3568 Domini
1187 3493 1374 3567 millefimo
1386 3492 1677 3590 quingentesimo

336 3605 512 3680 tricefimo
524 3611 658 3701 primo·
674 3630 794 3678 coram
807 3609 876 3701 hijs
888 3606 1039 3679 testibus
1052 3608 1223 3680 videlicet
1240 3608 1435 3680 venerabili
1449 3607 1678 3700 patreAlex-

335 3724 446 3792 andro
459 3724 576 3813 priore
593 3721 638 3789 de
656 3717 905 3790 Plusoardine·
924 3711 1257 3813 venerabilibusqde
1276 3722 1360 3790 viris
1371 3717 1538 3815 magistro
1557 3720 1678 3792 Alex·

335 3836 445 3904 andro
464 3832 615 3902 Dunbar
632 3833 767 3902 decano
786 3827 1006 3902 Morauieuli
1031 3872 1040 3894 ›
1059 3832 1270 3904 Alexandro
1289 3832 1447 3925 Spittale
1464 3835 1601 3904 redore
1629 3836 1677 3906 de

335 3947 436 4017 Clatt
453 3948 624 4015 canonico
636 3939 877 4014 Abirdonenfi
888 3982 897 3996 ·
908 3954 945 4013 et
960 3943 1147 4015 Willelmo
1167 3943 1251 4036 Hay
1267 3946 1407 4015 notario
1426 3945 1569 4038 publico
1587 3969 1675 4018 oum

335 4055 480 4128 diuersis
497 4058 575 4148 alijs
596 4095 602 4108 ·

635 4167 807 4238 Gawinus
827 4165 1083 4238 Abirdonenfis
1103 4166 1321 4261 Episcopus·
