4088 5430
509 610 557 679 28
1022 599 1326 675 REGISTRUM
1686 601 1839 697 [saccus

509 800 653 875 humilis
677 799 829 873 sulutem
855 812 1018 873 eternam
1043 803 1082 871 in
1103 799 1290 871 Domino·
1314 798 1470 871 Nouerit
1491 796 1701 873 uniuerfitas
1723 799 1839 873 restra

508 916 603 1007 quod
620 936 703 987 cum
719 936 814 985 anno
827 912 973 985 Domini
991 914 1077 995 ‚ap
1094 907 1338 984 ducentclimo
1350 907 1568 1007 sexagelimo
1579 909 1681 985 sexto
1696 914 1735 984 in
1748 910 1838 985 festo

507 1024 617 1099 l’uniti
634 1024 878 1099 Bartholomei
894 1025 1123 1120 pontificatus
1140 1019 1249 1093 nostri
1264 1045 1360 1095 anno
1376 1047 1472 1095 nono
1488 1026 1526 1095 in
1542 1025 1702 1119 capitulo
1718 1022 1837 1097 nostro

508 1132 754 1210 Alscrdonenfi
772 1134 992 1231 presentibus
1006 1137 1159 1208 decano·
1170 1145 1381 1227 precentore
1395 1176 1404 1194 ·
1416 1148 1456 1208 et
1467 1135 1676 1229 quibusdam
1693 1141 1838 1210 canoni·

507 1250 579 1321 cis·
593 1247 671 1322 aliis
687 1245 897 1341 quibusdam
912 1272 977 1342 per
992 1256 1238 1342 procuratores
1255 1249 1564 1343 comparentibus·
1576 1250 1837 1322 ordinationem

507 1372 547 1433 ct
557 1356 691 1433 statuta
699 1356 846 1432 ecclelie
857 1358 1006 1432 nostrca
1014 1354 1312 1453 predecelloribus
1325 1357 1452 1431 nostris
1463 1361 1561 1432 edita
1570 1358 1837 1455 inspexiffemus

507 1482 546 1543 ot
558 1472 749 1569 diligenter
764 1468 1057 1544 examinullemus
1070 1513 1079 1529 ·
1093 1470 1324 1543 attendentes
1339 1472 1459 1563 aliqua
1470 1474 1508 1543 in
1524 1474 1682 1565 predista
1697 1477 1838 1546 ordina-

507 1587 606 1657 tione
631 1578 730 1656 inille
754 1582 994 1676 obscuraque
1018 1584 1156 1655 animos
1184 1582 1408 1654 audientium
1432 1584 1478 1655 ad
1507 1584 1745 1657 dubitandum
1773 1588 1835 1659 ubi

506 1691 657 1769 irrrtaffis
670 1718 740 1768 non
754 1691 840 1768 effes
856 1690 1081 1767 hefitandum
1095 1688 1232 1787 pollent
1244 1694 1403 1766 excitare
1415 1718 1457 1767 ac
1470 1696 1623 1787 quedam
1636 1696 1707 1768 alia
1717 1701 1837 1769 minus

505 1805 663 1901 plenario
685 1804 785 1879 inille
809 1804 949 1901 prouisa
973 1816 1012 1878 ct
1036 1807 1199 1877 ordinata
1223 1847 1232 1863 ·
1254 1816 1295 1876 vt
1319 1808 1356 1878 in
1381 1807 1538 1900 capitulo
1563 1807 1625 1879 illo
1651 1808 1696 1880 dc
1721 1810 1837 1882 officio

505 1918 710 2013 thesaurarij
732 1929 834 2013 patet
850 1918 945 2011 quod
961 1918 1006 1989 de
1023 1915 1222 2010 sumptibus
1238 1914 1345 1989 solius
1361 1918 1486 1990 decani
1504 1921 1598 2011 quod
1616 1921 1733 1992 eidem
1750 1918 1836 1994 effet

504 2027 690 2103 onerosum
717 2032 819 2126 plura
843 2031 1044 2102 debuerunt
1068 2031 1106 2100 in
1131 2029 1288 2121 preditis
1315 2024 1463 2101 ecclelia
1490 2053 1554 2123 per
1581 2029 1836 2106 thesaurarium

504 2138 690 2214 sustentari
709 2183 717 2200 ·
737 2143 816 2213 Nos
832 2164 976 2213 omnem
993 2141 1254 2213 dubitationem
1274 2138 1431 2214 resecare
1447 2143 1609 2215 volentes
1625 2168 1667 2217 ac
1684 2145 1747 2217 illa
1766 2170 1836 2239 que

505 2254 623 2325 minus
645 2255 752 2349 plone
774 2256 916 2326 fuerant
941 2250 1081 2347 prouisa
1096 2263 1134 2325 et
1151 2254 1314 2325 ordinata
1329 2249 1517 2325 salubriter
1539 2257 1758 2348 prouidendo
1775 2259 1837 2330 ad·

504 2364 653 2458 imploro
670 2366 901 2462 irrefragabili
917 2362 1171 2437 constitutione
1184 2365 1395 2438 declarando
1410 2404 1419 2422 ·
1433 2364 1633 2438 Statuimus
1646 2377 1684 2439 et
1696 2370 1837 2441 ordina-

504 2498 585 2547 mus
602 2478 647 2550 do
663 2474 834 2550 consensu
859 2478 983 2550 decani
1008 2485 1047 2549 et
1071 2478 1219 2571 capituli
1236 2477 1423 2571 supradibti
1440 2477 1535 2569 quod
1558 2475 1705 2551 ecclelia
1729 2481 1834 2553 beate

504 2589 621 2669 (llario
638 2598 676 2661 ct
693 2590 789 2661 beati
813 2590 988 2682 machorij
1007 2610 1077 2660 vna
1093 2583 1137 2659 fit
1153 2583 1301 2660 ecclelia
1321 2596 1360 2660 et
1381 2588 1593 2660 cathedralis
1617 2589 1835 2684 baptismalis

505 2711 544 2771 ot
567 2701 776 2795 parochialis
801 2701 913 2773 libera
936 2702 981 2773 ab
1006 2701 1104 2771 omni
1129 2701 1315 2772 exadionc
1339 2699 1527 2793 temporali
1552 2737 1561 2755 ·
1587 2699 1646 2773 Ita
1666 2703 1834 2776 videlicet

505 2814 599 2905 quod
615 2814 810 2909 principale
825 2813 937 2886 altare
953 2809 1199 2908 presbiterium
1215 2813 1343 2884 chorus
1359 2810 1556 2905 capitulum
1569 2823 1607 2884 et
1620 2812 1835 2888 thesauraria

505 2924 703 3019 campanile
720 2938 758 2999 et
775 2949 946 3021 campane
970 2923 1132 3020 spectent
1156 2926 1194 2995 in
1219 2924 1384 2995 omnibus
1406 2932 1445 2994 et
1469 2946 1532 3016 per
1556 2926 1676 2996 omnia
1691 2926 1736 2997 ad
1755 2925 1834 2998 usus

506 3033 767 3130 dispositionem
784 3046 823 3109 et
840 3038 1100 3109 ordinationem
1113 3036 1238 3108 decani
1256 3044 1294 3106 et
1306 3036 1556 3107 canonicorum
1573 3040 1811 3112 communiter
1825 3082 1833 3096 ·

506 3150 566 3241 qui
594 3150 639 3222 do
668 3150 834 3223 luminari
863 3146 1010 3221 honesto
1036 3158 1074 3220 et
1098 3145 1285 3219 sufficienti
1312 3168 1378 3218 nec
1405 3169 1477 3217 non
1507 3157 1545 3218 et
1575 3150 1621 3220 de
1649 3172 1834 3224 ornamen-

507 3262 553 3332 tis
578 3260 677 3333 libris
702 3263 901 3354 ceterisque
925 3256 1123 3332 nocellariis
1145 3260 1309 3331 omnibus
1333 3260 1595 3352 providebunt·
1613 3261 1658 3332 ad
1683 3285 1833 3354 quorum

507 3368 799 3445 lirstontationcm
824 3368 1036 3467 affignamus
1060 3372 1106 3443 de
1130 3367 1300 3444 consensu
1325 3372 1449 3443 decani
1475 3381 1513 3442 et
1537 3372 1685 3465 capituli
1710 3398 1833 3449 omnes

506 3484 740 3557 obuontiorros
764 3483 963 3555 oblationes
987 3486 1161 3577 gratuitas
1184 3492 1221 3555 et
1247 3483 1365 3578 legata
1388 3485 1546 3577 gratuita
1569 3484 1614 3555 od
1637 3487 1834 3579 prodictam
1975 3525 1978 3531 ·

506 3592 689 3669 occloliom
718 3605 756 3669 et
784 3595 897 3669 altaro
930 3594 1124 3689 principale
1158 3595 1394 3687 undecunque
1422 3603 1460 3666 et
1492 3619 1556 3689 per
1584 3614 1834 3691 quemcunque

506 3710 753 3801 prouorriontia
769 3748 777 3767 ·
794 3705 900 3780 saluis
923 3706 1080 3801 predicto
1097 3707 1232 3779 domno
1257 3707 1469 3778 omnimodis
1493 3708 1770 3781 obucntionibus
1794 3721 1833 3782 et

505 3818 583 3893 ullis
600 3818 839 3893 oblationibus
856 3828 894 3891 et
911 3818 1037 3914 legatis
1054 3842 1076 3891 a
1092 3818 1313 3912 parochianis
1329 3815 1400 3889 suis
1416 3828 1491 3890 tam
1509 3819 1646 3913 dejure
1662 3842 1770 3913 quam
1787 3824 1833 3893 de

504 3930 760 4004 conlirotudino
776 3932 915 4004 ratione
931 3930 1096 4023 parochie
1113 3931 1265 4002 debitis·
1280 3930 1407 4022 quibus
1425 3940 1528 4002 extra
1539 3931 1686 4002 chorum
1701 3928 1832 4024 preibi-

505 4044 633 4115 torluru
646 4042 842 4137 capitulum
853 4039 1105 4115 thesaurariam
1116 4064 1181 4135 per
1190 4040 1414 4135 capellanum
1423 4041 1602 4135 ydoneum
1612 4050 1651 4113 et
1661 4042 1831 4115 clericum

503 4154 547 4227 ud
564 4152 707 4247 aliquod
732 4153 844 4227 altaro
861 4155 898 4225 in
916 4148 1064 4225 ecclesia
1079 4154 1202 4225 diuina
1217 4153 1333 4224 officia
1351 4149 1565 4225 ministrabit
1587 4153 1684 4225 horis
1700 4154 1832 4226 debitis

502 4265 633 4360 obliquo
654 4266 909 4360 irnpodimonto
928 4263 1063 4358 seruicij
1082 4265 1179 4337 chori
1195 4265 1240 4336 ad
1258 4263 1326 4336 hoo
1342 4264 1555 4357 deputandis
1571 4304 1580 4321 ·
1598 4262 1644 4335 In
1660 4265 1762 4359 cujus
1778 4268 1829 4338 rai

502 4374 744 4451 tolllruonium
762 4374 915 4472 prosonti
932 4374 1060 4473 scripto
1078 4370 1232 4472 sigillum
1248 4370 1407 4446 nostrum
1420 4396 1491 4447 vna
1507 4397 1589 4446 cum
1603 4370 1716 4470 tigillo
1733 4400 1830 4449 com-

502 4488 770 4677 ruur'riarppituli
796 4484 904 4563 nostri
927 4484 980 4561 est
1002 4486 1223 4583 appensum·
1242 4484 1379 4559 Datum
1400 4495 1439 4560 et
1460 4483 1582 4561 soum
1605 4486 1664 4561 die
1679 4496 1719 4561 et
1734 4510 1828 4561 anno

502 4604 598 4697 prurl
649 4626 690 4673 s·
