4088 5430
358 610 458 705 xva]
828 615 1228 691 uaunnonunsu.
1624 628 1694 695 333

355 1034 399 1105 de
417 1019 531 1091 crofto
549 1026 628 1087 orto
646 1027 684 1088 et
702 1016 812 1086 orreia
831 1015 1033 1086 iacentibus
1046 1038 1156 1109 propo
1173 1015 1282 1087 finem
1301 1019 1421 1112 oppidi
1440 1016 1688 1090 deAberdeen

354 1147 398 1216 ad
425 1144 535 1213 finem
558 1134 627 1203 vici
652 1130 833 1199 furcarum
860 1149 905 1197 ex
932 1135 1033 1219 parte
1059 1126 1192 1197 boreali
1219 1126 1378 1200 eiusdem
1408 1130 1477 1200 vici
1506 1153 1528 1200 a
1551 1128 1688 1201 Thoma

354 1256 534 1328 Charmer
550 1253 674 1319 curato
694 1240 738 1310 de
756 1238 950 1310 Abordene
964 1238 1049 1309 (1313
1066 1239 1206 1332 vicariis
1223 1238 1322 1311 chori
1334 1240 1570 1311 cathedralis·
1586 1240 1688 1312 Faci-

354 1369 447 1439 endo
465 1361 644 1436 orationes
661 1363 699 1425 et
716 1349 880 1444 suffragia
898 1372 960 1441 pro
978 1345 1093 1420 salute
1116 1350 1235 1422 anime
1254 1349 1432 1423 Willelmi
1452 1349 1687 1445 Eiphinstoue

355 1472 577 1572 prebendarij
605 1470 650 1538 de
675 1463 802 1535 Clatt·
823 1459 1020 1532 Aberdene
1038 1462 1075 1553 iij
1096 1460 1315 1532 Nouembris
1339 1483 1501 1533 ianm.
1527 1488 1610 1535 cum
1633 1469 1687 1535 iu-

354 1586 552 1660 strumento
569 1576 694 1654 saifine
711 1575 839 1647 eodem
857 1575 938 1644 die·

353 1902 523 2000 Collatio
534 1914 761 2006 ThomeHay
772 1912 893 1983 clerici
904 1908 1081 2002 secretarij
1093 1908 1373 1983 DucisAibanie
1384 1913 1421 1981 iu
1433 1915 1683 1985 canonicatum

352 2049 390 2111 et
414 2033 632 2130 prebendam
659 2028 704 2098 de
730 2022 935 2094 Routbwen
954 2031 1123 2094 vacantes
1149 2046 1212 2117 per
1237 2026 1500 2116 promotionem
1519 2024 1685 2097 Gualteri

353 2150 530 2242 Malynny
554 2145 638 2215 (1313
662 2163 684 2209 3
707 2136 851 2209 Gauino
877 2129 1040 2227 episcopo
1061 2130 1310 2205 Aberdonensr
1336 2157 1400 2226 per
1425 2131 1686 2226 impositionem

351 2260 475 2334 annuli
516 2255 568 2328 sui
598 2254 711 2347 digito
745 2244 940 2342 presentati
968 2241 1106 2338 -super
1136 2242 1403 2339 presentatione
1433 2245 1686 2341 archiepiscopi

352 2373 462 2445 sancti
489 2370 636 2442 Andree
662 2362 803 2457 patmni
822 2356 969 2428 subhac
987 2359 1065 2428 vice
1091 2359 1192 2428 etin
1219 2368 1326 2429 turno
1352 2354 1446 2426 suo·
1472 2357 1685 2454 Edinburgh

352 2488 398 2579 vij
419 2480 630 2556 Decembris
648 2492 813 2546 1313313.

355 2800 646 2895 instrumentum
672 2809 861 2883 concordie
887 2809 983 2877 inter
1010 2801 1213 2897 episcopum
1240 2815 1278 2875 31
1302 2803 1477 2877 Thomam
1505 2805 1682 2899 Myrtou„

350 2934 640 3008 archidiaconum
666 2919 992 2994 interuenientibus
1017 2911 1163 2987 consilio
1189 2927 1227 2986 31
1251 2916 1405 2987 11361313
1430 2919 1683 2990 canonicorum

350 3045 499 3140 capituli
517 3046 814 3134 congregatorum
832 3032 876 3101 de
896 3032 955 3124 viij
973 3027 1079 3099 boilis
1104 3028 1217 3099 farine
1235 3028 1279 3100 de
1298 3028 1436 3099 duabus
1461 3030 1621 3121 partibus
1638 3032 1683 3103 de

351 3158 550 3248 Rothmays
579 3151 638 3221 vbi
669 3144 877 3240 prouidetur
904 3141 998 3234 quod
1030 3138 1298 3211 archidiaconus
1328 3140 1552 3212 renunciabit
1582 3142 1684 3215 (111113

351 3272 410 3362 viij
429 3265 534 3339 bollis
551 3274 589 3335 et
606 3259 755 3351 recipiet
772 3263 927 3347 quatuor
944 3272 1080 3323 marcas
1098 3251 1144 3322 ab
1161 3251 1287 3324 incolis
1305 3248 1364 3321 seu
1382 3250 1517 3322 colonis
1532 3252 1682 3326 duarum

350 3383 505 3475 partium
531 3376 623 3446 dicte
647 3369 732 3440 ville
758 3368 803 3437 de
830 3365 1029 3456 Rothmays
1048 3404 1055 3419 ·
1075 3362 1170 3434 Acta
1192 3364 1229 3434 in
1254 3363 1360 3433 domo
1382 3363 1569 3457 capitulari
1594 3368 1681 3459 xxiij

349 3493 448 3584 Junij
468 3509 540 3560 ao.
559 3503 708 3556 maxx.
