4088 5430
348 626 419 698 368
863 622 1167 699 REGISTRUM
1533 624 1692 721 [sucum

588 817 591 825 '
744 821 944 896 Tunmetht
957 825 1075 896 minor
1090 825 1115 919 ij
1134 833 1278 897 aratra·

347 931 524 1008 affedatur
548 956 614 1029 pro
641 936 725 1029 ·viij·
755 935 818 1007 lin
837 937 875 1006 in
897 959 993 1008 anno
1019 937 1177 1009 dimedia
1192 947 1310 1011 marta
1326 939 1374 1033 ·ij·
1391 936 1603 1009 mutonibus
1631 933 1692 1026 ·vj·

349 1048 451 1119 hedis
476 1069 663 1143 caprarum
681 1049 741 1141 ·iij·
760 1049 873 1141 petris
890 1048 999 1142 butilJ'
1019 1071 1089 1120 vno
1115 1049 1231 1121 vitulo
1255 1048 1356 1144 pasto
1373 1056 1412 1122 et
1430 1049 1490 1143 dij-
1506 1050 1535 1120 §-
1563 1048 1635 1140 ·iiij·
1654 1042 1691 1116 d·

348 1184 414 1255 pro
430 1159 611 1255 bondagio
629 1184 713 1232 cum
731 1158 890 1233 seruiens
907 1197 915 1216 ·

351 1271 541 1344 willelmo
558 1270 730 1344 Caldor.
769 1273 830 1365 iiij·
848 1272 994 1345 bonate.
1043 1271 1204 1346 Johanni
1218 1271 1366 1345 Oarnuk
1468 1327 1476 1343 .
1576 1272 1641 1364 iiij·
1656 1272 1693 1342 b

350 1385 474 1458 Viduo
491 1384 667 1458 Johannis
684 1383 865 1547 Οιιίἀοιιιθ
879 1386 941 1479 iiij·
957 1386 993 1456 b
1045 1384 1378 1487 Georgeosserclay
1465 1439 1474 1455 .
1574 1385 1637 1476 iiij·
1657 1383 1695 1453 b

666 1606 816 1684 Brafina
841 1612 887 1680 de
904 1609 1106 1683 Tunmetht
1121 1605 1299 1706 greffuma
1316 1650 1324 1665 ·

350 1720 528 1796 affedatur
544 1745 609 1817 pro
626 1724 712 1816 ·xiij·
727 1724 754 1794 ἔ·
772 1722 844 1815 ·iiij·
861 1719 896 1793 d·
915 1724 953 1793 in
970 1746 1066 1795 anno
1083 1765 1092 1781 ·

798 1834 986 1906 Willelmo
1004 1835 1221 1909 Gilmichael
1240 1877 1249 1893 ·

784 2058 981 2132 heddauch
1000 2062 1032 2154 ·j·
1051 2070 1237 2132 aratrum·

352 2171 529 2248 affedatur
557 2195 622 2265 pro
651 2172 724 2266 ·iiij·
756 2170 819 2242 lib·
844 2172 888 2242 ·in
919 2194 1014 2242 anno
1051 2194 1121 2243 vno
1152 2181 1303 2244 mutone
1331 2172 1479 2243 dimidio
1506 2171 1622 2243 vitulo
1657 2183 1697 2245 et

355 2309 427 2359 ·xx·
446 2283 481 2357 d·
502 2308 566 2379 pro
584 2284 764 2377 bondagio
781 2285 828 2377 ·ij·
845 2283 948 2355 hedis
966 2284 1012 2377 ·ij·
1031 2286 1144 2377 petris
1161 2284 1271 2378 butirj
1290 2307 1373 2357 cum
1391 2281 1576 2356 seruieiis·

701 2393 876 2466 Findelao
895 2394 1065 2467 Duncani
1167 2452 1175 2467 .
1278 2397 1339 2490 iiij
1355 2398 1390 2469 b

702 2506 880 2578 Duncano
895 2506 1113 2581 Gilmichael
1165 2563 1173 2579 .
1274 2509 1336 2601 iiij·
1354 2508 1390 2578 h·

469 2731 806 2804 Auchinhandauch
822 2729 1070 2803 seminacionis
1087 2734 1189 2826 xxiiij
1212 2729 1335 2827 [boll’]
1354 2756 1551 2806 auenarum
1568 2775 1577 2791 ·

353 2842 531 2918 affedatur
548 2867 613 2938 pro
638 2843 745 2914 ·x1·5·
773 2846 811 2914 in
829 2867 923 2916 anno
943 2842 1101 2915 Domino
1119 2842 1331 2916 Alexandro
1358 2843 1629 2938 Farquharsone
1656 2859 1697 2918 et

353 2957 423 3031 suis
441 2954 673 3050 coadiutorijs
691 2997 699 3014 ·

354 3070 404 3141 Et
422 3068 539 3143 diem
556 3078 686 3140 tenens
704 3066 885 3163 obligatur
895 3068 939 3139 ad
954 3063 1233 3140 construendum
1244 3069 1384 3142 edificia
1397 3073 1636 3166 coagmentia
1648 3075 1696 3145 ad

355 3182 642 3254 meliorationem
661 3177 820 3251 eiusdem
842 3189 937 3251 terre
956 3176 1192 3252 sufficientia·

838 3403 993 3476 Belland
1012 3403 1035 3499 ij
1051 3415 1170 3478 aratra
1187 3447 1194 3462 ·

355 3516 533 3590 affedatur
551 3540 614 3610 pro
633 3515 690 3611 ·vj·
710 3515 771 3587 lits
789 3513 874 3610 ·xiiJ'·
890 3518 919 3588 ἔ·
938 3515 1010 3612 ·iiij·
1030 3515 1063 3588 d·
1083 3519 1120 3588 in
1137 3541 1233 3590 anno
1250 3518 1400 3591 dimidia
1415 3530 1533 3593 marta
1546 3523 1595 3615 ·ij·
1613 3545 1696 3594 mu-

355 3630 505 3702 tonibus
531 3631 588 3722 ·vj·
612 3629 715 3702 hedis
740 3651 927 3721 caprarum
952 3631 1011 3723 ·iij·
1029 3631 1142 3724 petris
1163 3631 1273 3723 butirj
1300 3654 1371 3703 vno
1396 3631 1512 3703 vitulo
1536 3631 1637 3726 pasto
1654 3648 1696 3707 et

354 3744 413 3836 ·iij·
432 3744 461 3813 ἔ·
481 3744 554 3835 ·iiij·
573 3739 608 3812 d·
624 3765 690 3835 pro
707 3741 886 3834 bondagio
899 3764 982 3813 cum
1001 3740 1159 3835 seruicijs
1176 3739 1313 3815 solitis·

356 3849 519 3948 Angufio
537 3852 685 3948 Patricij
779 3893 787 3910 ·
890 3855 997 3948 iiij&
1051 3852 1208 3927 Patricio
1227 3853 1506 3950 Makgillandris
1573 3860 1637 3952 iiij·
1656 3861 1693 3931 b

356 3964 543 4037 Macolmo
562 3964 799 4061 Makgillewe
882 3967 944 4059 iiij·
962 3967 997 4036 b
1049 3962 1211 4039 Johanni
1230 3965 1466 4062 Makgillewe
1578 3971 1641 4063 iiij·
1659 3974 1695 4044 b

813 4190 1018 4286 Perthtbeg
1035 4172 1068 4284 ·J''·
1085 4199 1245 4263 aratrum
1264 4232 1272 4247 ·

353 4298 530 4373 ass'edatur
550 4324 615 4394 pro
643 4301 717 4394 ·iiij·
735 4301 798 4372 lib
822 4303 860 4373 in
877 4325 972 4374 anno
998 4304 1045 4395 ·ij·
1072 4302 1176 4374 hedis
1202 4325 1390 4396 caprarum
1417 4305 1568 4378 dimidiu
1589 4317 1697 4400 petra

352 4416 465 4506 butirj
484 4424 523 4486 et
542 4437 613 4486 ·xx·
634 4411 669 4484 d·
688 4436 752 4506 pro
769 4415 948 4509 bondagio
959 4438 1041 4487 cum
1058 4413 1218 4509 seruicijs
1235 4412 1348 4487 solitis
1365 4426 1403 4489 et
1421 4414 1627 4491 consuetis·

666 4523 826 4596 Johanni
844 4525 1015 4598 Gordone
1116 4581 1124 4596 .
1226 4528 1297 4620 viij·
1310 4529 1344 4599 b
