4088 5430
344 630 415 696 302
858 614 1162 690 REGISTRUM
1529 615 1688 710 [secum

345 823 570 914 recuperauit
594 861 602 875 ·
628 861 636 875 ·
662 861 670 876 ·
694 813 842 889 safinam
861 858 868 872 ·
889 857 896 870 ·
917 856 924 870 ·
945 816 1120 886 uicorum
1139 856 1146 870 ·
1167 856 1175 870 ·
1195 855 1203 870 ·
1221 815 1456 885 reddituum·
1480 856 1488 871 ·
1512 855 1521 871 ·
1540 812 1689 886 eosdem

347 975 355 990 ·
381 975 388 989 ·
415 976 423 990 ·
449 936 486 1003 in
512 931 677 1002 manibus
703 931 788 1000 diei
812 928 949 998 Thome
975 926 1126 998 balliui·
1146 967 1153 981 ·
1174 922 1422 1020 ·res1gnauit·
1442 928 1536 998 dista
1561 934 1690 997 autem

347 1043 584 1140 resrgnatione
603 1084 610 1099 ·
630 1083 637 1098 ·
658 1042 778 1112 11111
798 1041 913 1111 ditius
930 1039 1109 1110 Thomas·
1130 1079 1137 1094 ·
1157 1078 1165 1093 ·
1185 1035 1353 1132 magistro
1372 1038 1572 1110 Laurencio
1591 1037 1691 1132 Pyot

348 1159 480 1228 vicario
493 1157 538 1226 de
551 1154 736 1246 Glenmyk
753 1155 899 1223 nomine
916 1151 1038 1222 altaris
1054 1148 1165 1222 11111111
1178 1149 1327 1221 Andree
1343 1152 1382 1220 in
1400 1147 1550 1222 ecclesia
1564 1150 1692 1222 cathe-

350 1269 438 1340 drali
456 1262 705 1338 Aberdonensi
723 1261 846 1335 situati
870 1287 935 1357 pro
958 1265 1078 1334 anima
1094 1260 1181 1333 dieii
1206 1258 1365 1356 magistri
1385 1263 1572 1355 Laurenoij
1593 1261 1693 1355 Pyot

350 1381 620 1452 archidiaconi·
647 1419 655 1434 ·
681 1419 689 1434 ·
718 1373 905 1472 [sasinam]
932 1376 1081 1446 tradidit
1108 1415 1116 1430 ·
1143 1415 1151 1430 ·
1180 1415 1188 1430 ·
1216 1371 1367 1467 Insuper
1392 1376 1507 1446 discus
1530 1373 1692 1445 ballinus

351 1493 532 1563 fatebatur
553 1490 590 1560 se
616 1486 747 1560 dedisse
772 1489 865 1558 disto
891 1483 1060 1580 magistro
1084 1485 1284 1558 Laurencio
1311 1485 1406 1581 Pyot
1431 1488 1577 1558 nomine
1603 1488 1692 1559 diei

352 1605 499 1677 altaris·
519 1645 527 1660 ·
547 1644 555 1660 ·
573 1598 722 1674 sosinam
739 1642 747 1657 ·
767 1641 775 1656 ·
795 1641 803 1656 ·
822 1601 933 1670 annui
957 1599 1119 1669 redditus
1139 1599 1225 1691 xxvj
1245 1595 1307 1669 sol.
1326 1607 1365 1669 et
1382 1600 1442 1690 viij
1461 1599 1692 1670 denariorum

352 1717 496 1789 leuandi
514 1717 559 1786 de
576 1714 714 1785 duabus
741 1713 846 1783 terris
870 1707 1014 1780 insimul
1040 1712 1241 1782 iacentibus
1259 1734 1304 1782 911
1322 1721 1425 1803 parte
1445 1711 1572 1783 boriali
1589 1713 1636 1783 de
1654 1712 1693 1784 le

353 1825 587 1898 Hukstarraw
604 1827 688 1897 diei
714 1825 818 1918 burgi
844 1825 941 1893 inter
965 1832 1097 1893 terram
1124 1825 1306 1914 quondam
1332 1820 1490 1917 magistri
1512 1822 1694 1896 Johannis

353 1940 436 2011 Clot
453 1963 499 2011 ex
516 1948 617 2032 parte
634 1935 850 2008 occidentali
868 1946 905 2005 et
923 1945 1056 2005 terram
1075 1933 1196 2005 Dauid
1215 1934 1313 2029 Hyle
1330 1959 1378 2006 ex
1394 1945 1497 2027 parte
1522 1936 1694 2008 orientali

353 2052 470 2145 Super
486 2050 615 2142 quibus
632 2049 799 2119 omnibus
817 2048 979 2140 prefatus
996 2043 1163 2140 magister
1177 2046 1398 2118 Laurencius
1416 2087 1425 2102 ·
1445 2089 1453 2104 ·
1473 2088 1481 2103 ·
1500 2049 1606 2141 petijt
1624 2090 1632 2105 ·
1652 2090 1661 2105 ·
1684 2089 1693 2104 ·

352 2164 536 2257 publicum
562 2158 867 2232 instrumentum·
887 2159 982 2229 Acta
1007 2167 1109 2228 erant
1133 2157 1201 2229 beo
1219 2160 1257 2228 in
1275 2160 1370 2230 dicio
1394 2159 1536 2255 burgo·
1556 2201 1565 2216 ·
1585 2201 1593 2217 ·
1612 2183 1697 2253 pre·

352 2274 511 2346 sentibus
533 2315 541 2329 ·
566 2315 573 2330 ·
597 2314 605 2330 ·
624 2271 835 2343 Alexandro
862 2266 1046 2340 Blendseil
1065 2309 1073 2324 ·
1090 2269 1228 2341 Jacobo
1256 2269 1414 2364 Menges
1432 2313 1440 2329 ·
1459 2285 1498 2342 et
1516 2271 1695 2343 Villelmo

354 2389 497 2460 Kentor
523 2385 704 2457 ·Valtero
731 2383 824 2476 Pyot
850 2423 858 2438 ·
881 2382 1020 2452 Thomu
1045 2380 1142 2475 Gray
1167 2380 1403 2478 burgensibus
1426 2425 1435 2440 ·
1460 2393 1498 2455 et
1524 2383 1696 2479 Philippo

355 2499 531 2570 Dunbrek
551 2538 558 2553 ·
579 2505 617 2567 91
635 2495 846 2566 Alexandro
864 2491 1054 2563 Anderson
1070 2491 1296 2588 sergeandis.

355 2839 465 2910 Carta
482 2832 646 2928 Episcopi
664 2827 847 2903 demenso
864 2832 909 2900 de
928 2827 1146 2923 Monymusk
1165 2872 1172 2886 ·

355 3039 550 3136 Thomas·
570 3098 578 3112 ·
597 3098 605 3112 ·
624 3054 809 3149 episcopus
832 3048 1099 3125 Aberdonensrs
1117 3094 1125 3110 ·
1145 3095 1153 3110 ·
1173 3096 1181 3110 ·
1200 3054 1321 3138 Quia·
1341 3097 1349 3112 ·
1369 3098 1377 3114 ·
1397 3056 1608 3152 Ingeramus
1626 3100 1635 3115 ·
1656 3101 1665 3116 ·
1685 3102 1695 3116 ·

354 3165 576 3271 predecessor
600 3164 719 3238 noster
744 3167 893 3237 dederat
917 3205 925 3219 ·
952 3205 960 3220 ·
986 3206 994 3221 ·
1020 3165 1165 3236 domino
1181 3165 1340 3239 Johanni
1365 3169 1411 3240 de
1430 3169 1551 3242 Janua
1575 3173 1697 3265 capel·

355 3290 438 3360 lano
459 3285 505 3354 de
523 3276 674 3353 Vesthal
701 3288 739 3349 et
764 3274 836 3347 suis
861 3274 1114 3347 successoribus
1132 3319 1139 3333 ·
1160 3319 1168 3334 ·
1187 3320 1196 3335 ·
1216 3302 1321 3351 vnam
1347 3284 1487 3373 peciam
1514 3295 1635 3355 terre·
1655 3327 1664 3342 ·
1685 3328 1695 3342 ·

355 3424 401 3471 ex
426 3405 529 3490 parte
554 3389 769 3464 occidentali
794 3385 907 3460 mansi
925 3388 970 3458 de
989 3386 1197 3460 Monimusk
1221 3387 1312 3462 sicut
1337 3393 1411 3463 itur
1433 3418 1522 3487 per·
1542 3436 1550 3451 ·
1570 3436 1578 3452 ·
1598 3397 1695 3467 riam

354 3512 490 3605 regiam
515 3505 560 3577 ad
588 3513 749 3573 montem
775 3502 836 3592 qui
863 3501 995 3571 dicitnr
1019 3498 1055 3570 19
1073 3498 1304 3595 Dronydonis
1323 3503 1374 3574 hil
1399 3516 1506 3598 prout
1531 3509 1568 3577 in
1594 3518 1696 3580 carta

355 3620 506 3714 desuper
534 3616 697 3688 conscita
725 3612 867 3706 plenius
893 3613 1101 3683 continetur
1118 3652 1126 3668 ·
1146 3612 1264 3696 Quam
1286 3616 1431 3706 quidem
1457 3628 1625 3690 cartam·
1649 3661 1658 3675 ·
1683 3660 1693 3675 ·

355 3736 606 3805 confirmamus
629 3767 637 3784 ·
660 3725 907 3798 Attendentes
934 3746 1044 3794 vero·
1064 3765 1072 3780 ·
1092 3765 1099 3780 ·
1118 3723 1321 3797 huiusmodi
1343 3730 1482 3820 peciam
1508 3740 1605 3800 terre
1627 3726 1695 3801 sibi

355 3842 564 3939 assignatam
594 3835 661 3910 esse
692 3839 798 3908 nimis
825 3831 1015 3907 1111811111·
1043 3877 1051 3892 ·
1079 3877 1087 3892 ·
1115 3859 1161 3907 911
1188 3839 1351 3930 eoquod
1384 3840 1499 3911 dictus
1526 3841 1696 3914 dominus

354 3956 538 4028 lohannes
556 3954 623 4023 deo
640 3952 732 4022 duce
749 3949 914 4020 edificare
934 3949 1092 4018 intendit
1110 3949 1258 4019 domum
1275 3951 1312 4020 in
1330 3950 1524 4024 altitudine
1540 3954 1695 4025 duarum

355 4071 541 4140 domorum
558 4074 597 4134 et
613 4060 774 4133 mansum
792 4061 1023 4154 ampliorem·
1043 4101 1051 4116 ·
1071 4100 1080 4116 ·
1095 4060 1140 4130 de
1158 4083 1229 4151 qua
1244 4063 1390 4153 quidem
1408 4072 1505 4136 terra
1520 4061 1696 4160 assignare

353 4179 521 4274 proponit
546 4216 554 4232 ·
583 4217 591 4232 ·
621 4215 629 4231 ·
655 4196 814 4246 annuum
844 4173 1027 4243 redditum
1052 4195 1077 4241 11
1103 4168 1295 4242 solidorum
1321 4215 1329 4230 ·
1359 4216 1366 4231 ·
1395 4216 1403 4231 ·
1429 4176 1625 4270 capellanis
1653 4180 1693 4250 in

354 4285 502 4363 ecclesia
525 4283 645 4357 nostra
662 4324 670 4340 ·
690 4326 698 4341 ·
718 4325 726 4341 ·
745 4306 810 4377 pro
827 4306 898 4354 vno
923 4281 1189 4354 anniuersario·
1215 4324 1224 4340 ·
1249 4324 1257 4340 ·
1277 4286 1315 4355 in
1339 4285 1437 4359 dista
1458 4285 1608 4362 ecclesia
1624 4331 1633 4347 ·
1652 4332 1691 4347 ··

353 4427 417 4498 pro
443 4402 563 4472 anima
585 4392 704 4467 nostra
729 4392 904 4488 ipsiusque
930 4396 1066 4466 domini
1090 4395 1267 4467 Johannis
1292 4437 1300 4453 ·
1328 4438 1336 4453 ·
1365 4438 1373 4454 ·
1397 4397 1436 4469 N
1438 4402 1556 4472 ouerit
1580 4403 1695 4496 igitur

353 4507 594 4587 rniuersrtas·
621 4547 629 4564 ·
657 4547 665 4563 ·
689 4529 784 4577 nos·
810 4548 818 4564 ·
844 4548 852 4563 ·
876 4503 1037 4580 dedisse·
1061 4550 1069 4565 ·
1094 4549 1102 4565 ·
1125 4509 1265 4601 prefato
1290 4510 1435 4582 domino
1460 4511 1619 4585 Johanni
1644 4515 1692 4587 de
