4088 5430
422 637 492 702 932
852 662 855 667 ·
937 619 1242 694 REGISTRUM
1608 616 1762 712 [sucum

423 852 507 899 vero
530 852 551 899 a
572 827 731 920 predidca
757 818 937 895 mansione
961 822 1006 892 de
1022 818 1167 890 Turreff
1186 843 1251 913 per
1276 816 1429 913 spatium
1456 821 1567 890 trium
1591 817 1762 889 rudarum

423 963 507 1012 cum
539 939 688 1010 dimidia
717 934 836 1007 versus
866 930 1025 1006 austrum
1050 970 1059 988 ·
1084 969 1093 986 ·
1118 970 1127 986 ·
1149 930 1321 1003 Ceterum
1352 926 1542 1003 statuimus
1567 969 1576 987 ·
1600 966 1610 987 ·
1635 967 1644 986 ·
1666 931 1764 1023 quod

423 1049 498 1145 ipse
524 1047 692 1144 magister
707 1048 731 1118 J
734 1049 893 1120 ohannes
911 1055 949 1118 et
965 1040 1177 1116 successores
1197 1040 1251 1114 sui
1269 1041 1402 1115 distem
1427 1053 1523 1114 terre
1548 1043 1763 1138 particulam

424 1159 639 1256 possidentes
666 1159 799 1232 talibus
824 1158 1052 1229 libertatibus
1077 1164 1115 1227 et
1143 1154 1349 1249 priuelegiJs
1375 1156 1412 1226 in
1437 1157 1604 1226 omnibus
1630 1166 1669 1227 et
1697 1179 1764 1249 per

425 1276 546 1347 omnia
564 1272 745 1368 gaudeant
771 1271 972 1341 infuturum
990 1268 1121 1361 quibus
1145 1264 1295 1339 ecclesre
1317 1264 1436 1339 nostre
1461 1270 1573 1340 ceteri
1599 1271 1763 1341 canonici

424 1387 517 1459 infra
533 1387 681 1477 antiqua
696 1383 797 1477 septa
813 1383 963 1454 canonie
984 1381 1143 1473 preditte
1159 1377 1379 1452 mansionem
1397 1381 1573 1453 habentes
1589 1382 1764 1454 hedenus

425 1498 508 1569 sunt
533 1492 644 1593 gauisr
667 1534 676 1556 ·
698 1496 863 1567 volumus
893 1495 1003 1565 etiam
1028 1530 1037 1548 ·
1064 1531 1073 1551 ·
1100 1533 1108 1549 ·
1135 1493 1231 1584 quod
1260 1493 1414 1585 quilibet
1439 1488 1609 1566 successor
1633 1494 1763 1588 prefati

427 1608 584 1704 magistri
595 1609 619 1679 J
622 1609 771 1680 ohannis
784 1605 1040 1700 prebendarius
1053 1605 1099 1674 de
1113 1603 1359 1698 Inuernocbty
1371 1607 1433 1697 qui
1451 1605 1669 1698 prebendam
1682 1629 1764 1699 pre·

427 1720 559 1795 distam
576 1743 657 1792 cum
676 1718 797 1790 manso
815 1716 1008 1812 prescripto
1030 1716 1229 1787 obtinuerit
1246 1717 1371 1788 decem
1389 1716 1517 1789 solidos
1535 1758 1544 1775 ·
1563 1758 1572 1775 ·
1590 1758 1599 1778 ·
1617 1723 1764 1792 canoni·

426 1837 477 1906 cis
494 1844 533 1905 et
550 1831 742 1926 capellanis
760 1833 798 1902 in
816 1831 941 1902 eadem
968 1824 1118 1900 ecclesia
1138 1829 1260 1900 diuina
1284 1829 1550 1902 celebrantibus
1575 1835 1763 1904 annuatim

426 1947 595 2018 videlicet
608 1947 722 2038 primo
736 1944 794 2015 die
806 1942 830 2012 J
833 1944 908 2036 unij
923 1939 1124 2034 persoluere
1143 1950 1311 2012 teneatur
1323 1942 1489 2033 quodque
1503 1944 1586 2014 dibti
1600 1946 1763 2016 canonici

426 2071 465 2130 et
481 2056 656 2152 capellani
674 2054 820 2151 singulis
837 2056 941 2126 annis
959 2054 1054 2123 diuo
1071 2053 1262 2144 primodie
1279 2051 1304 2124 J
1306 2052 1368 2145 ulij
1387 2077 1452 2146 pro
1469 2053 1708 2127 anniuersario
1725 2067 1765 2129 et

426 2172 613 2244 animabus
630 2167 716 2241 dicti
735 2163 892 2262 magistri
909 2166 933 2236 J
936 2167 1086 2236 ohannis
1103 2163 1317 2256 suorumque
1334 2180 1525 2258 parentum
1542 2178 1580 2238 et
1596 2164 1765 2240 successo·

425 2307 505 2356 rum
523 2281 666 2353 suorum
691 2277 971 2351 anniuersarium
989 2279 1026 2347 in
1044 2277 1170 2348 eadem
1196 2274 1344 2348 ecclesia
1369 2274 1488 2349 nostra
1513 2279 1645 2351 deuote
1670 2281 1765 2353 cele·

426 2398 528 2468 brare
554 2401 748 2465 teneantur
773 2431 782 2449 ·
809 2432 818 2448 ·
845 2431 853 2447 ·
880 2389 991 2483 Apud
1015 2387 1210 2459 Aberdone
1236 2410 1331 2458 nono
1359 2390 1417 2461 die
1443 2387 1572 2461 mensis
1598 2390 1764 2465 octobris

426 2531 521 2580 anno
539 2504 687 2576 Domini
704 2500 893 2574 millesrmo
911 2495 1262 2594 quadringentefimo
1280 2497 1458 2573 tricesrmo
1475 2504 1614 2595 primo·

428 2733 478 2804 Et
496 2732 575 2826 Ego
591 2730 615 2801 J
617 2731 775 2801 ohannes
793 2726 955 2819 Barborij
974 2734 1100 2797 cantor
1117 2721 1302 2796 consentio
1319 2736 1357 2797 et
1374 2750 1433 2799 me
1449 2726 1628 2801 subscribo
1646 2771 1654 2786 ·

428 2845 478 2917 Et
496 2845 575 2939 Ego
592 2842 802 2913 Alexander
819 2837 1007 2932 Lyndesay
1025 2835 1265 2909 thesaurarius
1282 2842 1472 2911 concentio
1489 2851 1528 2913 et
1544 2840 1745 2915 subscribo·

429 2957 478 3028 Et
497 2957 574 3051 Ego
592 2953 790 3026 Duucanus
808 2951 918 3043 Petyt
936 2948 1169 3022 cancellarius
1187 2949 1370 3022 consentio
1387 2966 1425 3023 et
1443 2950 1620 3027 subscribo
1638 2998 1646 3015 ·

430 3293 612 3367 Fundanio
629 3292 756 3361 domus
773 3290 877 3383 primi
896 3287 1074 3381 capellani
1091 3285 1275 3380 hospitalis
1292 3289 1415 3362 Sancti
1434 3291 1533 3363 Petri
1552 3335 1560 3351 ·

430 3497 630 3593 Henricus
647 3554 655 3571 ·
674 3556 682 3572 ·
700 3552 708 3569 ·
726 3509 911 3607 episcopus
928 3507 1195 3584 Aberdonenfis
1213 3552 1221 3569 ·
1241 3550 1276 3570 ··
1295 3514 1453 3586 Nouerit
1470 3513 1681 3590 vniuersrtas
1699 3559 1707 3576 ·
1727 3561 1736 3577 ·
1756 3563 1764 3578 ·

429 3656 494 3705 nos
516 3672 523 3688 ·
551 3670 560 3687 ·
586 3666 595 3686 ·
616 3623 747 3698 dedisse
769 3666 777 3681 ·
806 3665 813 3681 ·
841 3662 849 3679 ·
872 3625 1018 3694 domino
1038 3622 1226 3694 Willelmo
1244 3623 1423 3698 Modroch
1441 3628 1626 3722 capellano
1642 3629 1763 3704 nostro

429 3743 527 3815 illam
555 3741 690 3834 petiam
717 3747 812 3808 terre
839 3760 922 3808 curn
949 3734 1179 3829 pertinentijs
1204 3733 1275 3808 suis
1300 3739 1338 3807 in
1363 3761 1434 3830 qua
1459 3777 1467 3795 ·
1493 3778 1501 3796 ·
1528 3781 1536 3797 ·
1564 3739 1764 3816 construxit

429 3875 607 3924 cameram
625 3860 664 3921 et
680 3858 801 3920 ortum
826 3849 1003 3918 iacentem
1022 3870 1069 3919 ex
1086 3858 1189 3940 parte
1206 3846 1350 3921 australi
1368 3853 1436 3921 orti
1458 3849 1568 3923 nostri
1586 3852 1630 3924 de
1647 3854 1766 3928 Aber-

431 3965 500 4036 den
518 4004 526 4020 ·
545 3976 583 4033 et
600 3962 745 4031 domino
764 3957 953 4029 Willelmo
971 3958 1147 4030 Monilaw
1165 3957 1284 4032 nostro
1301 3962 1487 4055 capellano
1505 3963 1612 4036 aliam
1628 3968 1764 4058 petiam

430 4090 525 4147 terre
546 4073 752 4144 immediate
778 4072 977 4163 proximam
995 4094 1042 4142 ex
1059 4082 1161 4162 parte
1178 4069 1323 4143 australi
1340 4075 1385 4144 de
1402 4075 1577 4146 frudibus
1601 4075 1764 4174 alteragij

430 4181 578 4261 ecclesie
603 4183 813 4276 parochialis
838 4183 936 4254 beati
955 4181 1123 4256 Nicholai
1143 4184 1187 4253 de
1205 4183 1377 4255 Aberden
1396 4195 1435 4255 et
1450 4186 1562 4257 firmis
1580 4186 1666 4260 ville
1688 4190 1768 4263 hos-

431 4297 552 4394 pitalia
570 4295 705 4366 dudum
723 4305 929 4387 nuncupate
947 4316 1057 4387 prope
1070 4293 1241 4365 Aberden
1255 4331 1263 4349 ·
1276 4294 1465 4367 Tenendas
1480 4335 1490 4354 ·
1508 4337 1516 4354 ·
1534 4337 1543 4355 ·
1560 4322 1625 4393 per
1641 4324 1766 4375 omnes

430 4412 544 4482 redas
561 4417 675 4477 metas
692 4403 770 4476 suas
788 4416 827 4476 et
844 4404 974 4477 diuisas
992 4404 1070 4478 snas
1087 4406 1291 4499 incipiendo
1308 4407 1353 4478 ab
1371 4411 1536 4482 orientali
1553 4423 1656 4504 parte
1667 4437 1767 4485 com-

431 4523 550 4593 munis
566 4516 708 4589 venelle
731 4517 826 4589 inter
842 4515 978 4590 didam
1004 4527 1121 4595 ortum
1149 4514 1308 4591 nostrum
1326 4530 1365 4593 et
1382 4518 1600 4594 manfionem
1625 4526 1768 4598 cancel-
